3150 5178
50 398 217 458 leattreo
591 401 778 458 'corneosrrrn¹
1086 427 1093 442 ·
1274 388 1327 446 tb'l

50 521 300 606 pinnatipnrtitis
320 524 454 591 rachide
471 525 655 605 lobultlere,
674 523 826 609 capitulis
839 521 1031 608 majusculis
1051 515 1246 622 pedunculis
1260 514 1329 616 lon-

49 611 92 695 gis
111 610 209 678 nodis
222 611 379 695 suliultiS,
392 612 555 682 involucri
572 615 727 699 puberuli
745 612 855 698 pallidi
874 611 995 696 phyllis
1008 609 1092 676 ciliis
1110 608 1229 675 valrdrs
1244 603 1328 707 albis

49 700 340 784 pertineto-ciliatis
356 701 391 768 in
408 704 536 787 spinam
556 703 768 772 lanceolatam
788 701 1026 769 validissimam
1046 717 1149 783 snpra
1166 693 1328 764 canahcu·

49 790 137 856 latam
155 789 338 856 lateraliter
353 790 556 874 spinulosam
569 791 843 860 intermediornm
859 789 1004 856 llosculis
1024 788 1128 856 roseis
1145 785 1328 890 longiorem

49 879 325 962 patulo-reflexam
345 879 554 962 abeuntibus,
576 882 719 949 acheuiis
736 881 886 960 hirsutis,
903 879 1002 963 pappi
1022 877 1220 944 rulescentrs
1240 889 1328 939 sene

48 967 222 1052 penultimo
250 967 385 1036 achenio
407 970 575 1056 subduplo
600 971 747 1054 longiore
773 969 888 1036 intima
913 967 1047 1034 achenio
1070 964 1255 1050 aequilcnge
1281 973 1327 1034 tt.

47 1052 81 1210 ξ.
99 1055 311 1212 εηὲηρὶοίάοε
329 1076 401 1124 var.
423 1058 712 1126 aubaroclmoideu
733 1059 839 1128 Boiss.
865 1063 899 1126 et
919 1055 1032 1124 Heldr.
1051 1055 1167 1138 Diagn.
1193 1053 1262 1120 Ser.
1286 1051 1327 1133 ll,

45 1255 330 1397 (nlililh'tinlfflaxffis
348 1257 476 1331 Taygeti
493 1263 522 1316 et
540 1260 652 1316 montis
675 1259 794 1318 Malevo
811 1257 949 1316 Laconia
967 1259 999 1314 in
1015 1257 1136 1328 regione
1152 1253 1328 1311 intermedia

83 1342 98 1383 e
131 1343 145 1382 r
176 1371 181 1382 .
238 1373 242 1380 .
278 1343 326 1384 nn¹

77 1422 202 1494 Pedalie,
230 1424 320 1482 iacies
343 1425 473 1500 capitula
499 1425 527 1484 C.
554 1428 770 1501 cardual'ormia
792 1431 821 1483 et
845 1426 874 1484 G.
901 1441 934 1483 er
973 1424 1082 1498 pior'dia
1104 1439 1158 1496 pro
1181 1428 1327 1495 quaeant

47 1494 134 1550 habui
147 1495 200 1551 sed
215 1496 391 1554 indumento
404 1497 540 1554 lanatulo
554 1503 582 1556 et
599 1501 765 1572 praesertim
780 1499 872 1571 pappi
885 1513 936 1554 mn
950 1500 980 1552 to
994 1496 1139 1566 longioris
1153 1511 1221 1552 curn
1242 1494 1327 1551 nohe-
1449 1501 1452 1508 '

48 1563 91 1621 nio
104 1568 296 1640 proportione
309 1568 347 1624 ab
361 1573 487 1642 utreque
501 1569 649 1628 distincta.
661 1570 813 1627 Involucri
826 1571 922 1643 spinae
934 1568 1002 1624 942
1014 1567 1110 1624 lineas
1122 1567 1231 1638 longae.

92 1770 159 1835 los.
186 1769 231 1838 C·
251 1767 421 1837 Achata
439 1771 553 1851 (ltoiss.
570 1775 603 1838 et
619 1771 731 1838 Heldr.
750 1771 865 1853 Diagu.
885 1769 955 1836 Ser.
979 1768 1019 1848 ll,
1038 1769 1068 1849 3,
1086 1788 1117 1852 p.
1137 1765 1193 1852 79)
1208 1765 1328 1850 pallide

49 1859 152 1924 virens
171 1859 334 1942 adpresse
352 1878 510 1927 araneosa
535 1859 587 1926 vel
612 1859 769 1943 glabreta,
791 1859 941 1928 caulibus
965 1857 1128 1940 angulatis
1156 1856 1271 1922 stricte
1294 1861 1327 1959 et

49 1947 223 2015 dichotome
242 1949 457 2032 corymbosis,
472 1949 556 2016 loliis
571 1951 726 2016 coriaceis
743 1949 946 2034 punctulalis
965 1947 1118 2014 elevatim
1136 1945 1326 2011 ner-vnlosrs

47 2037 164 2103 intimis
187 2037 243 2102 l=t
263 2036 410 2120 oblongis
432 2038 585 2104 indivisis
607 2040 658 2106 vel
681 2039 796 2123 lyratis
815 2038 941 2104 ceteris
959 2037 995 2102 in
1014 2035 1148 2103 lacinias
1170 2033 1326 2116 oblongas

48 2126 93 2192 vel
105 2126 300 2192 lanceolatas
313 2125 458 2208 integras
471 2127 620 2194 dentatas
636 2128 689 2194 vel
708 2127 973 2212 pinnatiparlitas
989 2143 1085 2192 secus
1100 2125 1222 2192 costam
1238 2141 1326 2225 saepe

49 2213 257 2282 decurrentes
277 2215 514 2300 pinnatisectis,
532 2216 685 2300 capitulis
701 2215 892 2300 majusculis
909 2214 1096 2300 pedunculo
1116 2231 1214 2296 parce
1235 2211 1327 2315 loiro-

49 2303 109 2370 loso
127 2303 276 2370 suffultis
293 2304 409 2385 oratis,
424 2304 587 2372 involucri
607 2307 729 2389 phyllis
742 2305 867 2387 glabris
886 2305 1001 2371 nitidis
1020 2301 1154 2370 omnino
1171 2319 1326 2402 scarrosvs

48 2391 194 2459 coriaceis
204 2393 417 2460 circumcirca
428 2395 523 2478 longe
537 2394 831 2477 pertineto-oiliatis
841 2389 1326 2460 interioribusovato-rotunda

49 2481 133 2566 spino
144 2481 241 2548 brevi
254 2481 393 2566 abrupte
404 2483 599 2566 terminatis,
613 2483 821 2550 intermediis
834 2484 867 2548 in
881 2483 1012 2569 spinam
1026 2481 1218 2548 latissimam
1232 2496 1326 2546 carra-

50 2569 200 2642 lionlatam
219 2571 491 2654 erecto-patulam
504 2573 633 2640 interne
648 2571 817 2640 interdum
835 2591 932 2656 parce
952 2571 1155 2654 spinulosam
1171 2568 1326 2669 flosculos

49 2677 152 2726 roseos
169 2659 421 2743 subsequentem
444 2666 502 2728 aut
520 2678 576 2730 eos
595 2667 811 2747 superantem
832 2662 957 2728 sensim
976 2659 1186 2740 abeuntibus,
1205 2657 1325 2758 phyllis

49 2747 163 2817 intimis
174 2749 268 2832 apice
282 2749 453 2816 cucullatis
466 2749 842 2828 fimbriatisinermibus‚
853 2750 997 2819 ncheniis
1008 2749 1114 2816 oratis
1124 2763 1327 2830 compressis

48 2835 197 2921 adpresse
221 2837 372 2911 hirsutis,
395 2841 493 2922 pappi
515 2839 639 2905 sordidi
660 2839 747 2906 serie
764 2839 963 2906 intermedio
980 2838 1115 2905 achenio
1135 2836 1235 2920 triplo
1256 2835 1324 2900 lon·

48 2924 145 3006 giore,
172 2926 291 2993 intimat
318 2927 452 2995 achenio
469 2929 655 3012 aequilongd
673 2938 718 3004 tt.
738 2928 769 2996 C.
790 2927 1002 3012 cr'yrrpioides
1017 2928 1066 2994 Fl.
1087 2926 1144 2992 Gr.
1169 2924 1233 2990 tub.
1259 2924 1325 2989 913

48 3031 82 3078 an
99 3015 186 3081 Lam.

77 3123 150 3180 Hab.
165 3130 196 3182 ln
216 3127 328 3184 vinetis
347 3128 452 3184 Atticee
467 3143 560 3212 prope
577 3129 711 3186 Mesoitis
724 3129 867 3202 (Heldrl),
882 3131 913 3186 in
927 3133 1026 3188 monte
1042 3129 1184 3187 Cheimos
1203 3125 1326 3183 Achaiae

50 3193 145 3264 (Heldr
151 3201 171 3268 l)
183 3199 284 3256 lormn
296 3199 392 3274 spinis
402 3198 592 3256 brevioribus
607 3204 636 3256 et
648 3201 749 3272 minus
765 3202 882 3258 validis.

84 3293 332 3450 &inmunia
356 3332 400 3344 -
428 3297 623 3381 Phyllorum
643 3300 738 3384 spina
758 3301 872 3367 brevis
892 3300 974 3368 ciliis
995 3299 1185 3366 lateralibus
1205 3315 1324 3381 parum

49 3399 102 3448 var
127 3403 185 3451 ror.

77 3491 149 3550 llab.
164 3495 196 3552 in
210 3497 322 3554 vinetis
336 3497 476 3556 Soudena
488 3497 525 3554 ad
543 3497 657 3556 radices
670 3501 782 3556 montis
795 3499 937 3558 Cheimos
951 3499 1073 3557 Achaiae
1087 3497 1166 3557 loon
1181 3497 1325 3568 (Heldrl).

85 3633 112 3696 y.
142 3605 365 3673 Corinthiaco.
405 3647 443 3656 -
477 3609 600 3688 Minor,
626 3609 780 3677 loliorum
809 3617 977 3694 segmenta
1007 3611 1135 3678 minuta
1164 3609 1325 3692 oblongo-

49 3692 177 3850 gnarum1
183 3697 474 3852 gapprorimata÷
486 3697 517 3764 C.
535 3697 749 3765 Corinthiaco
764 3701 873 3770 Boios.
891 3705 924 3768 et
939 3699 1053 3766 Heldr.
1067 3701 1179 3784 Diagn.
1198 3698 1269 3766 Ser.
1281 3698 1325 3779 ll,

67 3801 120 3866 ‚l-
209 3837 215 3850 ·

79 3892 149 3950 llab.
162 3896 193 3952 in
206 3895 321 3954 Isthmo
335 3899 527 3956 Corinthiaco
540 3899 664 3972 (Samen
679 3904 709 3956 et
721 3901 813 3957 Guioc
822 3903 842 3971 l)

79 3987 191 4047 Pedalie
204 3995 235 4049 et
247 3993 404 4066 bipedalis,
421 3995 534 4068 species
548 3995 705 4067 pulchrae
720 3994 748 4052 C.
757 3995 967 4070 carduisbrmi,
978 3991 1131 4054 Laconicci
1144 3997 1173 4051 et
1182 3995 1325 4051 affinibus

55 4055 125 4116 loliis
138 4065 274 4120 nervosis
291 4065 395 4135 firmis,
408 4065 564 4122 involucro
577 4065 667 4123 valde
682 4067 820 4138 coriaceo,
834 4066 967 4124 acheniis
984 4067 1168 4124 abbreviatis
1185 4069 1214 4123 et
1230 4067 1324 4139 pappi

50 4129 115 4186 serie
127 4132 301 4192 intermedia
314 4135 483 4208 elongatbb
497 4136 594 4194 lineas
611 4137 702 4209 longo
716 4137 862 4196 distincta.
875 4139 945 4195 lcon
958 4139 1054 4196 Florae
1068 4139 1180 4195 Graeoae
1194 4137 1324 4196 formans

48 4197 273 4278 lougiapinosam
286 4207 397 4280 optime
411 4207 540 4266 exhibet.

89 4400 157 4467 lot.
179 4402 219 4472 (t.
238 4401 523 4488 Guloolardll,
541 4425 640 4492 parce
656 4411 688 4476 et
701 4408 845 4492 orispnle
859 4407 1044 4493 pubescens
1058 4405 1180 4494 pallide
1196 4408 1321 4490 virens,

50 4488 130 4554 mule
149 4493 371 4574 crassiusoulo
393 4495 504 4563 loliato
524 4496 933 4582 paniculatocorymboso,
952 4497 1035 4564 loliis
1053 4495 1170 4578 firmis,
1186 4495 1322 4562 inierin-

50 4573 131 4645 ritus
151 4582 315 4664 petiolatis
334 4583 452 4669 lyratis
471 4589 640 4669 segmento
660 4586 826 4653 terminali
845 4591 941 4656 (vvato
961 4585 1153 4652 lateralibus
1170 4585 1322 4668 oblongis
