3108 5168
223 352 271 414 '8‘
679 364 685 374 '
789 373 957 414 buencum
1348 361 1512 437 Agma„

96 451 136 503 3
185 471 190 478 ’
232 477 314 545 losis
337 478 371 544 in
390 478 498 562 spicas
516 484 634 545 tenues
656 479 859 564 interruptas
883 481 1046 548 fasciculis
1074 482 1233 567 oppositis
1257 489 1386 550 remote
1408 489 1513 556 verti·

200 612 207 622 .
231 566 350 634 cillatis
368 573 555 634 constantes
576 568 785 636 abermtibus.
813 569 898 635 foliis
921 571 1091 654 quaternis
1117 572 1298 641 linearibus
1327 578 1514 644 dannatu-

84 692 113 722 s
232 655 377 722 adstatis
395 674 499 722 nervo
518 656 626 723 valido
651 657 769 723 subtus
788 659 957 725 instructis
979 660 1094 740 rigidis
1117 660 1241 728 strictis
1261 676 1359 728 secus
1382 671 1514 747 partem

230 743 421 811 inferiorem
441 744 583 811 caulium
598 746 761 827 congestis
785 748 1013 829 superioribus
1030 749 1100 814 basi
1126 747 1349 829 subsannatis,
1368 750 1513 820 bracteis

80 817 130 839 ’
230 834 419 900 lanceolatis
443 834 646 912 acuminatis
669 834 800 900 corollsa
817 837 1165 904 lutacio-fuseescentis
1181 838 1325 906 subinde
1344 842 1385 907 ad
1400 843 1511 908 rubel-

73 920 118 988 ³22·
231 924 302 990 lum
315 922 480 1005 vergentis
492 922 613 1002 glabra
630 921 680 989 rel
699 923 836 990 birtellae
857 923 939 991 lobis
956 925 1103 1007 oblongis
1122 929 1382 998 concaviusculis
1401 931 1514 997 brevi·

69 1019 96 1093 ’,·
114 1065 117 1071 .
230 1018 283 1080 ter
300 1011 694 1093 calloso-appendiculatis
710 1012 920 1079 acutiusculis
941 1014 1021 1080 tubo
1041 1015 1140 1099 triplo
1160 1015 1380 1099 brevioribus,
1397 1020 1514 1086 anthe·

230 1103 279 1167 ris
298 1099 478 1166 linearibus
494 1099 738 1182 nigricantibus,
755 1103 866 1168 orario
888 1103 1001 1184 glabro
1018 1112 1066 1176 tt.

267 1210 344 1265 Hab.
369 1211 400 1264 in
425 1210 544 1280 regione
567 1210 725 1282 subalpina
745 1215 775 1266 et
795 1211 896 1285 alpina
917 1214 1048 1281 Graeciae,
1070 1213 1237 1270 Parnassus
1259 1216 1382 1285 (Heldrl
1406 1218 1515 1273 Guiccl

293 1282 324 1337 h.
338 1281 381 1336 Fl.
400 1282 450 1337 Gr.
464 1296 524 1336 exs.
536 1281 626 1349 5441),
640 1298 725 1349 mons
747 1282 872 1338 Velucbi
885 1283 1007 1339 OEtoliae
1028 1284 1184 1356 (Samari),
1196 1292 1313 1344 montes
1326 1288 1471 1344 Cbelmos
1484 1291 1515 1344 et

230 1353 279 1424 Ky
292 1353 358 1408 lene
369 1352 566 1423 Peloponnesi
578 1351 697 1421 (Heldrl
707 1352 828 1424 Orphl).
837 1354 880 1409 Fl.
893 1358 956 1409 aest.

275 1451 310 1535 β.
333 1448 516 1531 Macogiarii
532 1487 576 1495 -
595 1450 684 1516 Folia
700 1451 887 1518 abbreviata
905 1470 1001 1518 secus
1019 1454 1145 1518 caulem
1164 1473 1251 1540 saepe
1263 1456 1512 1535 subimbrieata,

72 1502 113 1585 ‘1
230 1541 353 1607 corolla
375 1539 505 1621 pallida.
531 1540 675 1606 fasciculi
704 1541 885 1624 paucillori,
902 1543 1000 1624 spica
1028 1541 1176 1623 graciles.
1204 1545 1302 1609 -Α,
1326 1544 1515 1625 Macugierii

120 1632 121 1637 ’
230 1630 336 1695 Boiss.
348 1634 380 1695 et
391 1628 504 1692 Heldr.
524 1627 638 1711 Diagn.
661 1627 730 1695 Ser.
749 1627 776 1692 Ι.
797 1630 848 1706 10,
866 1650 897 1714 p.
914 1632 967 1695 61.

71 1728 79 1758 ’“
265 1740 344 1794 Hah.
364 1740 395 1793 in
405 1741 505 1793 moute
514 1737 649 1808 Taygeto
661 1737 808 1809 (Heldrl).

273 1870 304 1930 7.
329 1839 452 1920 rigida.
463 1871 504 1887 -
515 1837 637 1905 Glabra
653 1840 773 1920 saepius
788 1839 987 1918 tomentella,
1001 1837 1110 1905 caules
1122 1841 1297 1922 rigidiores
1307 1842 1515 1909 ramosiores

229 1945 317 2013 saepe
334 1930 478 2011 pedales.
490 1926 604 1993 stricti.
621 1927 712 1992 Folia
726 1928 925 1994 abbreviata.
944 1927 1062 1994 Forma
1079 1947 1120 1994 er
1133 1930 1211 1995 locis
1223 1929 1448 1996 calidioribus.
1465 1966 1513 1976 -

228 2014 399 2191 ἓέἰζςνὲοία
409 2035 479 2082 oar.
493 2046 514 2083 α
531 2019 565 2080 et
575 2015 610 2097 β.
620 2017 727 2082 Boiss.
742 2016 855 2099 Diagn.
865 2016 935 2083 Ser.
950 2015 974 2095 l,
991 2018 1022 2096 3,
1040 2037 1070 2100 p.
1091 2019 1132 2082 33
1143 2017 1302 2102 (exclusis
1317 2019 1397 2085 locis
1412 2020 1514 2085 Asia·

264 2218 342 2272 Hab.
356 2218 388 2272 in
397 2217 493 2271 vineis
505 2219 535 2271 et
545 2214 682 2284 collibus,
694 2215 844 2270 montanis
856 2214 962 2271 calidis
975 2216 1081 2271 Atticae
1092 2217 1123 2271 in
1137 2216 1293 2286 Parnetho,
1314 2217 1468 2275 Pentelico
1482 2223 1517 2276 et

227 2288 371 2361 Hymetto
380 2288 498 2359 (Sprun.
511 2285 569 2342 sub
580 2286 610 2341 A
620 2282 775 2343 acaum!
784 2285 890 2342 Heldrl
905 2287 1010 2356 Sartl).

272 2387 301 2454 δ.
323 2384 525 2468 pulvinaris.
547 2422 587 2432 -
603 2384 653 2449 Ex
667 2383 845 2452 rbizomate
871 2383 995 2465 lignoso
1014 2384 1116 2450 dense
1134 2384 1319 2468 pulvinaris
1339 2394 1514 2470 compacta

227 2477 328 2541 ramis
341 2475 474 2558 pumilis
487 2477 558 2540 tota
579 2473 782 2554 longitudine
797 2474 931 2554 foliosis
948 2472 1086 2539 floribus
1103 2473 1258 2540 omnibus
1275 2476 1514 2544 terminalibus

226 2583 245 2632 e
260 2565 382 2649 cespite
398 2583 464 2630 non
481 2562 634 2629 exsertis.
697 2603 700 2613 ·

261 2673 370 2728 Forma
396 2671 501 2744 glabra
519 2671 567 2726 vel
590 2671 894 2727 velutino-canescens
915 2671 1022 2727 similis
1036 2671 1073 2727 A.
1088 2670 1234 2728 oderem
1246 2671 1298 2728 sed
1321 2672 1361 2727 ab
1379 2676 1414 2728 ed
1428 2673 1516 2730 foliis

226 2745 308 2817 apice
321 2746 451 2800 cristatis
468 2743 616 2798 distincta.
632 2773 669 2784 ··-
682 2743 711 2798 A
723 2741 862 2798 suberoso
883 2741 984 2802 Heldr.
1000 2742 1081 2797 Herb
1094 2743 1199 2799 Norm.
1214 2742 1315 2798 8οὑοΤ
1330 2759 1392 2799 non
1408 2743 1512 2801 Sibth.

261 2842 338 2896 Hah.
351 2841 384 2895 in
403 2842 522 2912 regione
541 2838 641 2909 alpina
658 2839 697 2893 ad
718 2839 878 2907 cacumina,
903 2836 1044 2893 Chelmos
1066 2841 1095 2893 et
1112 2837 1238 2908 Kyllene
1260 2837 1339 2893 7000'
1359 2837 1514 2912 (Heldrl),

224 2927 364 2968 cacumen
377 2912 487 2966 montis
506 2909 624 2964 Malevo
637 2909 773 2964 Laconiae
784 2908 863 2964 6000’
876 2907 978 2980 (Orpb.
994 2908 1036 2963 Fl.
1047 2909 1097 2964 Gr.
1111 2924 1171 2963 exs.
1184 2909 1229 2973 52,
1242 2909 1301 2964 sub
1322 2909 1359 2964 A.
1370 2907 1514 2981 nitidat),

224 2983 365 3039 Parnassi
390 2984 471 3053 regio
496 2980 631 3053 superior
660 2979 817 3052 (Orpb!),
842 2994 928 3034 mous
953 2980 1073 3036 Paterae
1098 2995 1191 3052 supra
1216 2980 1374 3036 Mandram
1398 2983 1514 3039 Atticae

223 3055 275 3110 alt.
290 3054 367 3110 looo’
382 3053 523 3122 (Heldrl).

259 3151 377 3223 Species
387 3149 475 3205 valde
488 3148 642 3204 variabilis
655 3152 685 3203 et
699 3149 783 3220 cujus
796 3148 899 3202 formae
912 3147 1008 3219 primd
1019 3147 1093 3202 facie
1104 3146 1193 3202 valde
1208 3147 1383 3216 dissimiles,
1397 3153 1512 3208 transi·

222 3225 271 3277 fus
284 3229 381 3278 tamen
404 3220 562 3276 manifesti.
588 3219 654 3273 Var.
676 3219 840 3292 parturiamus
863 3222 908 3273 est
928 3217 1030 3290 planta
1054 3233 1091 3272 ex
1106 3218 1232 3273 summis
1254 3220 1464 3276 cacuminibus
1475 3228 1512 3280 et

222 3293 343 3363 regione
355 3293 457 3364 alpina
468 3291 622 3347 excelsiori
646 3291 753 3346 similis
772 3291 874 3346 formae
893 3289 1029 3360 analogae
1047 3288 1084 3344 A.
1103 3289 1216 3345 nitidoe.
1236 3290 1341 3362 Typus
1367 3291 1400 3345 in
1419 3295 1512 3352 icone

221 3363 265 3419 Fl.
279 3365 390 3420 Graecae
403 3364 535 3434 depictus
548 3365 577 3417 et
590 3377 653 3415 var.
667 3360 693 3433 β.
704 3360 856 3431 Munpieri
863 3361 972 3415 sistunt
982 3359 1116 3432 plantam
1129 3359 1282 3416 elatiorem
1293 3377 1330 3416 ex
1342 3362 1456 3434 alpinis
1472 3370 1508 3422 et

221 3435 396 3508 subalpinis.
413 3435 544 3490 Varielas
567 3432 669 3504 rigida
690 3433 810 3489 tandem
836 3436 882 3487 est
902 3431 997 3488 forma
1020 3432 1175 3501 regionum
1198 3431 1410 3488 demissiornm
1430 3435 1508 3491 sali·

221 3506 336 3562 darum.

270 3682 319 3744 19.
335 3679 382 3745 Α.
399 3676 633 3744 tenuifolia
643 3673 762 3758 [Boias.
777 3674 891 3756 Diagn.
908 3673 978 3740 Ser.
991 3673 1016 3756 Ι,
1034 3675 1065 3756 3,
1084 3695 1116 3759 p.
1130 3673 1188 3760 St)
1204 3675 1273 3742 basi
1288 3676 1512 3745 sudmticosa

220 3768 420 3834 multicaulia
445 3766 652 3849 glaberrima,
680 3763 827 3829 caulibus
854 3762 1009 3829 tenuibus
1033 3764 1151 3829 erectis
1174 3764 1268 3831 elatis
1293 3756 1508 3848 simplicibus

219 3858 425 3940 ramosisque
438 3854 598 3937 rigidulis,
610 3852 696 3919 foliis
708 3852 878 3936 quaternis
893 3851 1017 3917 strictis
1032 3851 1302 3920 lineari-setaceis
1321 3854 1356 3917 in
1367 3872 1507 3921 muero-

219 3963 295 4011 nem
314 3946 446 4026 longum
464 3943 639 4010 attenuatis
656 3959 759 4008 nervo
774 3940 881 4007 medio
899 3940 1016 4007 subtus
1039 3940 1156 4023 valido,
1176 3940 1406 4025 superioribus
1426 3942 1511 4008 bre-

219 4032 364 4100 vissimis
399 4034 469 4100 basi
496 4031 654 4113 connatis,
682 4030 820 4096 floribus
851 4029 1011 4114 oppositis
1040 4029 1161 4113 saepius
1194 4030 1351 4096 solitariis
1389 4032 1508 4115 spicas

218 4126 336 4188 tenues
356 4122 538 4187 laxissimas
559 4139 654 4187 secus
670 4138 779 4185 ramos
801 4118 1028 4197 formantibus,
1046 4118 1187 4185 bracteis
1208 4118 1357 4200 oblongis
1375 4122 1510 4186 acumi-

216 4212 303 4278 natis
325 4210 492 4292 breribuS,
514 4210 642 4276 corollae
663 4206 780 4274 luridae
801 4207 964 4290 asperulae
986 4207 1064 4272 tubo
1091 4206 1173 4273 lobis
1194 4208 1383 4274 lanceolatis
1407 4209 1509 4293 apice

215 4300 320 4366 amatis
333 4299 462 4365 callosis
477 4298 646 4383 Pla-t-plo
660 4296 816 4378 longiore,
833 4295 979 4361 antheris
993 4294 1182 4379 linearibus,
1195 4297 1308 4362 orario
1320 4297 1436 4378 glabro
1457 4307 1509 4373 ῆι.

253 4410 330 4465 Hah.
342 4410 373 4464 in
386 4409 506 4480 regione
520 4413 665 4464 montana
678 4405 760 4478 Sipyl
845 4421 877 4459 ra
889 4404 1075 4475 Magnesiam
1093 4404 1226 4476 (Boissl),
1247 4410 1278 4462 ln
1291 4406 1391 4463 Tauro
1411 4409 1511 4466 Pam-

238 4481 337 4552 bylico
349 4482 425 4536 inter
437 4479 531 4535 Marla
543 4483 572 4535 at
585 4479 694 4536 Adalia
706 4477 755 4532 alt.
763 4421 850 4531 2333,
861 4475 1003 4546 (Heldrl),
1016 4475 1144 4532 collibus
1157 4477 1255 4547 Lyciae
1268 4493 1360 4550 prope
1375 4478 1512 4539 Elmalu

215 4499 340 4624 fBourg.
357 4567 417 4608 exs.
430 4550 491 4608 137’
505 4550 563 4607 sub
576 4551 612 4606 A.
632 4543 758 4620 εινὶοίᾶ).
774 4546 820 4603 Fl.
834 4546 895 4602 Jul.
