3048 5168
199 363 256 422 272
747 371 931 413 courosrrna.
1335 356 1469 416 Actaea.
1521 407 1523 458 χ

48 523 49 526 ¹
127 543 129 546 ,
203 503 293 614 purge
316 483 430 540 Mossul
454 484 565 552 (Nudi),
587 483 619 536 in
642 480 793 536 schistosis
812 478 960 534 montium
980 477 1181 533 Kurdistaniae
1194 478 1321 534 Persicae
1333 478 1382 534 Pir
1393 478 1471 536 Oniar
1521 539 1523 554 ¹

203 559 251 614 Gu
274 573 327 612 run
345 559 374 611 et
388 555 536 624 Awilieng
551 552 725 610 30:10⁹·70ou’
740 550 875 620 5Haussli
885 553 914 618 t).
1522 561 1523 566 ¹

239 653 347 708 Gaulos
362 651 481 724 pedales
497 653 526 706 et
540 649 699 722 bipedales.
715 648 788 703 folia
800 648 1014 720 angustissima
1028 646 1115 713 ,1-1'52
1130 645 1269 718 pollicem
1288 645 1386 718 longa.
1410 647 1472 703 insi.
1521 609 1523 676 ἶ

201 726 270 796 gnis
286 723 424 796 capitulis
438 721 618 778 10-12·tloris
632 720 671 776 ob
683 719 792 793 phylla
806 719 894 774 dorso
908 733 1042 774 convexa
1056 717 1217 788 angulatis.
1236 717 1351 789 Ligulae
1363 719 1417 775 34.
1521 721 1523 764 3

250 913 302 976 te.
327 909 375 976 A·
402 907 643 992 eriophora
666 905 745 989 (nu.
767 904 884 970 Prodr.
901 904 956 984 Vl,
973 925 1003 988 p.
1024 903 1081 990 31)
1095 909 1161 971 tota
1181 908 1474 973 tomentoso-lanatii
1522 993 1523 996 ,

206 999 326 1085 pallide
343 998 467 1078 virens,
494 995 643 1062 cautibus
660 995 754 1064 elatis
771 993 935 1059 teretibus
953 994 1068 1076 rigidis
1088 996 1211 1077 sapius
1233 997 1383 1076 ramosis,
1399 997 1474 1063 toliis

206 1087 430 1156 teretiuscutis
451 1085 609 1150 tlexiiosis
629 1082 858 1150 crassiusculis
880 1083 1037 1148 brevibus
1053 1084 1087 1148 iu
1105 1088 1275 1167 segmenta
1294 1091 1475 1151 transversa
1522 1121 1523 1156 i

206 1177 376 1244 imbricata
409 1175 486 1239 villo
514 1173 735 1239 suboccultata
757 1172 791 1236 iii
811 1171 901 1238 lobos
929 1172 1124 1238 rotundatos
1154 1173 1270 1238 crebre
1301 1175 1476 1257 spinulosos
1521 1171 1523 1216 ἓ

207 1265 373 1348 tripartita
389 1263 624 1347 piuuatisectis‚
636 1260 791 1342 corymbo
809 1261 1050 1326 confertissimo
1069 1261 1280 1344 polyceplialo
1299 1264 1476 1345 composito,

208 1353 359 1440 capitulis
387 1349 624 1418 subsessitibus
643 1349 788 1416 tenuiter
805 1348 1150 1432 clilengo-cylindricis
1178 1351 1376 1433 penultimis,
1395 1351 1478 1418 inre
1522 1419 1523 1434 5

211 1443 294 1510 tucri
322 1441 400 1508 hirti
431 1439 552 1524 phyllis
577 1439 703 1505 obtusis
730 1438 771 1504 ab
800 1438 924 1504 intimis
955 1439 1270 1521 triangulari-oratis
1298 1440 1340 1504 ad
1361 1441 1479 1506 interna
1521 1451 1523 1522 ξ

209 1531 503 1614 oblongo-linearia
521 1530 645 1595 sensim
665 1527 780 1610 auctis,
798 1528 906 1609 ligulis
932 1529 1045 1612 paucis
1072 1527 1201 1594 tritobis
1221 1529 1390 1594 involucro
1409 1548 1479 1612 que·
1521 1523 1523 1608 l

207 1619 557 1703 druplobrevicribus
582 1627 627 1690 it.
712 1675 717 1684 ,

246 1731 321 1786 Hali.
338 1731 368 1784 in
381 1730 482 1785 Persia
495 1727 657 1799 (Belangt).
679 1729 709 1783 in
729 1726 855 1784 collibus
869 1727 906 1782 ad
924 1727 1022 1783 lacum
1038 1728 1152 1784 salsum
1168 1729 1283 1784 Nemek
1299 1729 1388 1800 Derja
1398 1743 1481 1801 prope
1521 1763 1523 1792 5

208 1804 329 1858 schiraz
342 1802 411 1871 (Ky.
424 1801 512 1870 ieet),
523 1799 553 1854 in
567 1799 668 1855 Persia
682 1799 808 1854 australi
821 1799 928 1868 (Auch.
940 1799 1048 1869 47t301).

247 1899 331 1954 Facie
346 1901 376 1952 et
388 1879 526 1980 capitulis
540 1897 677 1980 angustis
692 1895 789 1980 affluis
802 1895 1006 1980 A.Aleppicoe‚
1017 1897 1115 1980 differt
1128 1896 1304 1954 indumento
1315 1898 1417 1980 lanato
1434 1911 1481 1952 nec

210 1971 361 2042 adpress'o,
371 1968 450 2023 foliis
462 1967 555 2049 duplo
567 1968 761 2022 crassioribus
774 1971 803 2021 et
815 1966 1182 2036 brevioribuS‚irivolucris
1195 1970 1234 2024 ob
1244 1969 1350 2042 pbylla
1363 1984 1413 2023 rix
1423 1983 1482 2025 eon·
1521 1983 1523 2090 5

211 2057 288 2098 vexa
298 2056 357 2096 non
371 2038 535 2096 undulatis.
1521 2093 1523 2166 ἱ

1521 2167 1523 2206 i

256 2229 311 2292 lii.
338 2226 386 2291 Α.
413 2222 631 2290 Boissieri
653 2222 809 2306 (Haussk.
845 2223 937 2306 uss.)
969 2223 1038 2290 basi
1077 2225 1315 2293 sutirutescens
1349 2245 1484 2301 ramosa,
1521 2241 1523 2312 5

209 2315 362 2382 caulibus
390 2314 534 2379 tenuiter
562 2312 697 2394 yirgatis
728 2313 886 2378 flexuosis
917 2313 1184 2399 subsinipticibus
1213 2314 1339 2380 striatis
1359 2315 1485 2397 glabris,

214 2405 296 2473 t'cliis
322 2402 515 2470 tenuissime
543 2401 750 2467 dlilormibus
770 2399 929 2467 brevibus
952 2404 1072 2493 patulis
1089 2404 1124 2468 iii
1143 2409 1313 2486 segmenta
1342 2404 1485 2470 minutis·

212 2495 295 2559 sima
321 2489 569 2576 squamilcruiia
595 2491 848 2574 adpressissime
875 2495 907 2554 et
936 2491 1071 2557 disticlie
1099 2491 1270 2558 imbricata
1290 2493 1432 2560 tobutata
1457 2497 1486 2556 et
1522 2523 1523 2526 ¹

212 2583 359 2649 breviter
379 2580 550 2663 spinulose
579 2577 816 2662 pinnatisectis‚
847 2578 1012 2662 corymbis
1042 2581 1231 2664 compositis
1261 2581 1487 2650 subeoniertis.

211 2671 407 2754 pedunculis
425 2667 582 2735 tenuibus
611 2667 754 2752 capitula
780 2669 906 2734 minute
931 2667 1070 2753 oblonga
1097 2669 1383 2752 subaquantibus
1401 2671 1487 2736 invo-

212 2760 296 2827 lucri
316 2761 474 2842 adpi·esse
493 2757 697 2822 canescentia
723 2757 845 2840 pbyltis
869 2757 962 2822 iuter.
992 2759 1253 2840 triangularibus
1278 2759 1489 2827 uciitiusculis

209 2848 426 2914 interioribus
441 2846 590 2927 oblongis
603 2845 694 2926 apice
709 2845 872 2926 scurissis
893 2847 1002 2928 ligulis
1020 2848 1130 2914 aureis
1143 2847 1272 2916 trilobis
1286 2851 1415 2916 discum
1429 2865 1488 2914 non

212 2935 446 3004 excedentibus
466 2942 495 3012 5.

211 3047 498 3188 (HHab.l{ili)fissuris
515 3047 636 3118 rupium
659 3046 748 3102 vallis
770 3047 882 3118 Djiban
904 3047 981 3103 inter
994 3046 1132 3104 Marasob
1144 3051 1173 3103 et
1191 3047 1328 3106 Albistan
1343 3050 1490 3106 Cataonia

239 3135 328 3174 ,aues
382 3161 387 3173 .
1522 3135 1523 3140 ¹

250 3215 359 3271 Cautes
373 3214 493 3286 pedales
506 3217 535 3269 et
546 3213 706 3285 longiores,
718 3214 792 3270 folia
806 3215 856 3269 4-5
867 3214 963 3270 lineas
975 3219 1089 3270 tantum
1102 3215 1195 3288 longa
1209 3218 1259 3272 vix
1274 3217 1364 3274 linear
1380 3220 1491 3274 tertiani
1521 3263 1523 3266 .

215 3291 331 3359 partem
344 3287 433 3372 diam.
447 3286 509 3340 lata
522 3291 551 3340 et
565 3289 719 3356 segmenta
731 3285 962 3370 adpressissima
975 3287 1137 3372 cylindrica
1150 3287 1261 3356 brevia,
1274 3287 1410 3372 c'apitula
1423 3289 1493 3345 utin

216 3357 252 3412 A.
267 3357 414 3431 Aleppica
424 3360 553 3427 angusta
565 3358 618 3412 sed
631 3371 690 3412 non
701 3357 855 3428 angulata,
865 3357 967 3427 ligulae
981 3359 1076 3413 multo
1088 3375 1226 3414 minores,
1237 3359 1356 3432 Species
1371 3361 1495 3432 elegans.
1521 3365 1523 3388 ³

673 3555 691 3639 ἓ
714 3557 744 3620 li.
768 3555 1037 3640 Bahounyae.
1521 3567 1523 3648 ᾗ

262 3743 314 3806 48.
339 3739 386 3806 A.
413 3738 784 3822 fragrantissima
809 3739 937 3824 (Forsli.
970 3740 1083 3807 Dascr.
1119 3744 1179 3807 tti
1211 3744 1274 3810 sub
1307 3741 1523 3828 Somotindlt

216 3830 366 3896 caulibus
396 3848 437 3895 eii
465 3829 643 3894 rbizemato
676 3829 886 3895 sulfmticoso
917 3829 1070 3912 plurimis
1096 3831 1185 3898 canis
1220 3832 1358 3914 virgatis
1387 3833 1495 3918 rigidis
1520 3825 1523 3872 ³

212 3935 362 4000 superne
389 3919 590 3983 divaricatim
622 3916 1039 4002 paniculum-corymbosis,
1068 3919 1153 3986 toliis
1183 3921 1294 4004 parvis
1325 3923 1496 3992 sessilibus

216 4008 444 4074 crassiuscutis
471 4005 721 4072 canescentibus
749 4005 878 4072 tandem
905 4007 1061 4089 glabratis
1089 4009 1433 4094 oblongo-linearibus
1452 4011 1497 4076 ret

215 4097 323 4162 oratis
352 4095 563 4163 acutiusculis
592 4094 643 4160 rel
665 4093 793 4160 obtusis
820 4096 1008 4180 pectinatim
1033 4098 1321 4181 calloso-serratis,
1347 4102 1498 4186 capitulis

218 4185 477 4267 ovatocbtongis
503 4182 674 4267 pediceltis
696 4183 951 4268 subaquitongis
979 4185 1125 4253 suffultis
1153 4207 1215 4272 per
1242 4189 1300 4252 si
1328 4190 1373 4256 ad
1393 4207 1498 4258 ramos

218 4274 363 4356 corymbi
379 4272 552 4354 congestis,
563 4272 727 4337 involucri
738 4274 940 4340 canescentis
953 4273 1072 4356 phyllis
1083 4275 1373 4360 oblongisobtusis
1387 4281 1499 4346 obtuse

216 4362 372 4429 carinatis
390 4372 417 4436 5.
438 4361 479 4428 lc.
500 4360 568 4425 Del.
585 4361 632 4426 Ft.
651 4360 707 4442 Eg.
725 4362 788 4427 tab.
811 4363 864 4443 ia,
883 4363 935 4444 lig.
955 4363 984 4427 3.

255 4471 334 4555 Hab.
348 4473 376 4526 in
391 4471 514 4555 desertis
528 4469 713 4560 AEgyptiacis
728 4472 766 4527 ad
778 4471 967 4557 Κμὴὶτειιῃρῑ
978 4473 1051 4529 Suez
1068 4475 1189 4542 (Forsk.
1205 4475 1310 4604 Siebtsss,
1329 4479 1371 4535 ad
1393 4479 1501 4536 radices

220 4549 329 4599 montis
341 4547 424 4597 binai
436 4541 543 4612 (Bovdl
556 4543 686 4615 echimp.
698 4542 789 4614 3821),
802 4557 832 4598 in
845 4543 1021 4601 Antilibano
1030 4545 1068 4601 ad
1081 4545 1212 4604 Balbeoli
1224 4547 1283 4618 (Bo
1311 4551 1365 4620 st),
1376 4551 1418 4607 ad
1428 4551 1502 4607 Ouri-
