3040 5166
207 329 262 390 tsi
756 351 942 393 nouaosrrs.
1351 335 1486 393 eseam.

32 444 77 538 ἵλ
100 427 123 455 ⁹
210 453 322 509 accedit
341 453 379 510 ed
394 453 423 510 C.
440 456 619 512 marituma
640 472 698 529 quo
718 463 817 513 tamen
836 459 953 531 egregie
973 458 1072 515 differt
1087 459 1262 514 indumento
1275 473 1359 525 cano,
1371 458 1490 513 bracteis

208 523 286 593 latis,
299 526 444 582 involucri
457 527 552 598 spinis
566 529 753 585 tenuioribus
767 530 939 603 phyllisque
949 530 1017 586 lanu
1029 531 1099 585 albu
1111 529 1204 586 densa
1216 529 1381 586 occultatis.

255 702 307 766 tl.
331 702 372 767 C.
395 700 794 788 phyllocephalum
812 703 933 789 [Boiss.
951 709 984 770 ct
1003 703 1048 768 ut.
1066 704 1183 786 Diagn.
1199 702 1272 768 Ser.
1293 701 1332 779 ll,
1347 704 1378 781 s,
1394 721 1423 785 p.
1437 702 1491 785 39)

210 790 404 875 parcissime
422 793 744 876 araneosngriseum
760 795 811 860 vel
830 791 1026 875 glabratum.
1038 793 1132 859 caule
1145 784 1259 858 crasso
1271 793 1357 858 clato
1368 810 1492 872 corym-

94 936 101 944 .
210 878 301 960 boso,
320 879 407 947 loliis
426 897 528 964 supra
549 881 701 963 strigosis
717 882 837 948 subtus
859 899 955 965 parce
974 881 1144 947 ananensis
1164 881 1197 947 in
1218 881 1353 947 lacinias
1374 880 1492 946 radica-

19 1654 21 1663 !
93 1724 96 1731 .
212 1631 717 1758 ΜαοὴωουοὴὸοὶΙΞΞοϋα((ὶαί11ῑ).

212 967 291 1034 lium
302 969 533 1035 subretrorsas
544 969 741 1037 lanceolatas
752 969 1141 1054 divaricatimbipartitas
1151 970 1184 1035 in
1195 972 1325 1053 spinam
1336 970 1493 1035 abeuntes

211 1057 450 1140 pinnatisectis‚
466 1058 606 1125 caulinis
625 1059 1119 1143 auriculam-amplexuratibus
1139 1059 1253 1141 rigidis
1274 1058 1415 1124 validius
1430 1058 1493 1141 spi·
1515 1056 1518 1116 l

212 1145 315 1228 nnsis,
333 1146 485 1231 capitulis
508 1148 699 1230 maiusculis
718 1150 824 1214 ovatis
847 1149 934 1214 loliis
959 1148 1130 1215 floralibus
1150 1148 1188 1213 ad
1214 1149 1328 1231 spinas
1350 1164 1494 1212 ramosas

211 1235 281 1300 iere
302 1237 450 1304 reductis
466 1253 506 1304 ea
524 1238 648 1320 saepius
670 1239 765 1320 longo
786 1236 1022 1323 superantibus
1041 1238 1226 1313 branteniis,
1243 1237 1406 1302 involucri
1431 1237 1494 1319 gla-
1513 1236 1518 1331 Ξ

211 1323 394 1392 bresnentis
421 1326 514 1392 nitidi
543 1325 664 1410 phyllis
684 1328 949 1411 adpressissimis
967 1332 1056 1392 arcte
1077 1326 1257 1392 imbricatis
1275 1327 1396 1393 obtuse
1414 1326 1518 1399 carii

211 1414 299 1480 natis
311 1413 351 1480 ab
367 1415 516 1482 externis
530 1415 677 1480 breviter
689 1418 948 1499 triangularibus
961 1416 1157 1481 brevissime
1170 1415 1315 1499 spinosis
1328 1416 1370 1480 ad
1385 1416 1495 1479 intima
1514 1401 1518 1508 Ξ

212 1502 389 1570 lanceolata
409 1505 440 1569 in
462 1505 592 1588 spinam
614 1505 794 1587 longiorem
813 1505 967 1571 abeuntia
986 1505 1147 1587 elongatis
1175 1514 1221 1578 tc.
1514 1506 1518 1518 ‘

248 1612 327 1669 Hab.
351 1613 382 1670 in
406 1613 494 1670 subal
516 1614 575 1670 inis
598 1614 704 1671 Libani
726 1615 803 1670 circa
817 1615 1026 1685 Broummana‚
1048 1614 1140 1683 Edon,
1162 1615 1283 1670 Dimam
1308 1575 1519 1692 (ΒΙΙ),ρτορεΞ

248 1780 365 1854 Species
390 1782 529 1839 foliorum
556 1783 732 1840 radicalium
756 1782 900 1855 profunde
922 1781 1090 1839 divisorum
1114 1781 1232 1838 laciniis
1252 1779 1451 1837 subretrorsis
1471 1782 1517 1855 et¹

213 1851 361 1910 involucri
378 1853 491 1926 phyllis
503 1870 570 1910 cum
586 1870 724 1910 mucrone
739 1855 822 1911 brevi
840 1854 1075 1927 adpressissimis
1087 1853 1224 1925 insignis.
1237 1850 1378 1925 capitula
1394 1862 1497 1906 uncam
1517 1889 1518 1892 ,

213 1925 364 1997 aequantia
378 1924 427 1981 vel
441 1925 532 1998 paulo
548 1926 674 1982 minora.

259 2114 311 2178 25.
338 2111 378 2180 C.
404 2111 727 2181 louooneurum
751 2112 874 2196 [Boios.
898 2117 932 2178 et
957 2109 1116 2196 Haussk.)
1139 2111 1351 2194 glabresoeus
1379 2107 1512 2191 pallide

214 2203 337 2283 virens,
370 2204 462 2270 carrlc
495 2203 581 2269 elato
614 2221 726 2269 crasso
758 2203 963 2286 corymbnso‚
996 2202 1082 2267 loliis
1115 2219 1218 2285 supra
1249 2195 1513 2281 strigosissimis

211 2291 556 2374 oblongo-lancenlutis
576 2289 1069 2374 auriculato-amplexicaulibus
1094 2291 1214 2356 subtus
1233 2287 1390 2353 elevatim
1411 2286 1498 2350 albo·

212 2381 366 2447 nervosis
384 2382 418 2447 in
438 2382 529 2447 lobos
545 2380 764 2463 triangulares
778 2381 867 2463 apice
880 2387 913 2446 et
926 2379 1072 2461 margine
1090 2396 1202 2445 crasse
1215 2377 1370 2460 spinosos
1389 2377 1512 2458 pinna-21

212 2469 324 2534 tilidis.
345 2470 496 2553 capitulis
517 2469 708 2553 majusculis
733 2470 838 2537 ovatis
858 2470 944 2535 loliis
969 2467 1141 2533 floralibus
1165 2483 1276 2532 crasse
1296 2465 1444 2547 spinosis
1463 2467 1508 2551 eas

213 2559 451 2641 superantibus
467 2558 625 2639 suffultis,
643 2559 805 2625 involucri
824 2559 928 2641 glabri
948 2557 1042 2625 nitidi
1062 2556 1174 2623 llavidi
1198 2553 1322 2639 plryllis
1341 2553 1510 2635 adpresso

212 2645 394 2714 imbricatis
412 2647 631 2714 subnarinatis
650 2648 690 2713 ab
708 2649 856 2714 externis
876 2647 1025 2728 oblongis
1044 2645 1202 2712 brevibus
1221 2643 1262 2709 ad
1282 2644 1412 2708 interna
1435 2643 1513 2712 lan,-

214 2737 335 2803 coolata
348 2738 452 2803 auctis
466 2737 499 2802 in
514 2736 641 2822 spinam
655 2737 788 2803 brevem
799 2742 941 2802 erectam
955 2755 1021 2803 nnn
1033 2735 1225 2820 adpressum
1237 2730 1442 2798 abeuntibus
1456 2738 1498 2801 tt.

249 2847 326 2903 Hab.
340 2849 377 2903 ad
391 2848 505 2904 rivulos
519 2849 550 2904 iu
564 2853 663 2904 monte
679 2847 850 2919 Beryldaglr
864 2847 1019 2903 Cataomae
1032 2844 1113 2901 dour·
1127 2841 1301 2914 (Hausskt).

250 2944 343 3001 Valde
359 2946 446 3002 affine
461 2945 490 3002 C.
504 2944 726 3020 pbultnncpbalo
740 2945 938 3073 capitulorum
951 2946 1047 3002 inrmd
1061 2948 1091 3000 et
1106 2942 1264 3028 involucro
1277 2939 1315 2997 ad
1338 2953 1432 3023 rosso,
1444 2936 1498 2994 dii·

213 3016 600 3162 gorrotctigll‘pigterlrlrffipsmirrus
614 3019 759 3090 profunde
795 3018 890 3088 ivisis,
903 3016 1077 3090 phyllnrum
1091 3029 1188 3088 sprms
1207 3028 1269 3068 non
1283 3028 1302 3067 a
1325 3006 1498 3084 pressisset
1515 3112 1516 3117 W

261 3271 313 3335 id.
339 3271 380 3338 G.
406 3270 688 3338 tenullobum
713 3269 752 3356 (C
785 3270 874 3337 Koclr
894 3269 990 3355 Linn.
1014 3268 1133 3348 XXIV,
1152 3287 1182 3352 p.
1201 3268 1267 3333 400
1292 3265 1356 3333 snb
1373 3263 1499 3330 Erinle

212 3358 307 3441 pide]
327 3361 420 3427 caule
438 3360 526 3426 tenui
544 3367 654 3426 erecto
673 3361 813 3446 simplici
838 3377 1095 3427 araneoso-cano
1119 3359 1152 3424 in
1176 3374 1346 3423 racemum
1365 3355 1501 3421 brevem

216 3447 397 3530 simplicem
415 3447 671 3530 oligoceplralum
698 3451 849 3530 abeunte,
869 3447 955 3515 loliis
976 3467 1077 3534 supra
1101 3447 1254 3529 strigosis
1274 3445 1397 3511 subtus
1414 3441 1517 3537 canis5

215 3536 248 3602 in
271 3536 403 3602 lacinias
419 3544 557 3620 anguste
577 3537 772 3605 lanceolatas
789 3541 842 3606 vel
862 3537 1161 3621 lineari-elongatae
1177 3535 1375 3601 inferiorum
1395 3532 1513 3618 bipar·5

217 3624 294 3690 titas
316 3625 349 3689 in
371 3625 483 3708 spinas
504 3633 621 3692 tenues
650 3626 809 3694 abeuntes
836 3627 1074 3712 pinnatiseclis.
1094 3624 1234 3692 caulinis
1259 3624 1386 3689 sensim
1413 3618 1504 3687 dimi·

216 3713 307 3779 nutis
324 3714 709 3799 semiamplexicaulibus.
727 3717 878 3800 capitulis
895 3715 1043 3782 breviter
1059 3713 1292 3800 pedunculatis
1310 3715 1363 3778 ael
1380 3707 1501 3779 sessili-

216 3799 280 3867 bus
297 3801 490 3869 axillaribus
510 3810 542 3868 et
559 3805 786 3873 terminalibus
805 3809 927 3888 praeter
941 3803 1054 3871 lolium
1079 3804 1216 3870 axillarc
1241 3796 1510 3868 subebracteatia

217 3891 323 3956 uvalis
342 3891 464 3975 parvis,
482 3891 643 3958 involucri
672 3913 769 3977 parce
793 3893 945 3960 aconensi
963 3892 1102 3960 virentis
1122 3891 1245 3977 phyllis
1266 3891 1417 3957 breviter
1436 3890 1514 3954 lan·

218 3979 352 4045 conlatis
370 3980 404 4045 in
421 3980 548 4065 spinam
566 3983 794 4050 tenuissimam
816 3984 889 4068 plus
909 3984 1017 4050 minus
1037 3985 1204 4066 patentem
1224 3979 1427 4046 abeuntibus
1454 3985 1517 4057 iis

219 4067 250 4133 G.
269 4084 475 4133 racemosum
496 4068 599 4134 Boias,
618 4071 651 4135 in
673 4073 785 4139 Tclrilr.
808 4073 846 4150 ti,
865 4094 896 4158 p.
918 4073 994 4138 338.
1515 4095 1516 4099 ’

256 4177 333 4235 Hah.
355 4179 385 4234 in
399 4179 540 4236 Armenia
554 4182 677 4238 australi
697 4185 775 4239 inter
794 4183 908 4240 radices
921 4182 1031 4238 montis
1045 4179 1236 4252 Bingdldagh
1248 4183 1279 4234 et
1291 4179 1389 4235 fontes
1399 4173 1499 4232 Araxi·
1514 4149 1515 4152 Ἴ

218 4249 298 4305 6000’
311 4248 456 4319 (Tchihlt,
470 4250 501 4306 in
520 4250 602 4306 distr.
616 4254 750 4312 Artahan
764 4259 793 4311 et
805 4255 965 4310 Narriman
987 4253 1137 4308 Armaniae
1152 4250 1197 4321 (C.
1212 4249 1334 4319 Kochl),
1347 4248 1386 4304 ad
1399 4248 1497 4304 bant·
1517 4312 1518 4315 Ξ

219 4319 377 4392 chltchagh
390 4323 537 4377 Armeniae
551 4322 680 4379 Rossicae
691 4325 814 4396 (Sznvti.
1515 4336 1519 4391 j

265 4419 300 4502 β.
321 4417 535 4501 breuicoapis.
555 4454 592 4468 -
611 4421 804 4504 Phyllorum
825 4422 957 4505 spinula
975 4419 1165 4488 abbreviata
1185 4416 1389 4501 adpressior.
1408 4454 1447 4464 -
1466 4410 1496 4480 C.
1514 4470 1515 4476 ,

216 4507 465 4590 ,ειεηορὴμίίιιιη
483 4507 588 4577 Boiss.
606 4511 640 4576 in
658 4512 719 4594 ΚΞ.
736 4529 803 4578 eas.
824 4514 919 4578 1859.
