3036 5170
44 373 180 428 bumaria
555 386 741 427 conessum.
966 379 969 384 “
1234 370 1287 426 367

5 485 7 548 Ι
66 493 149 550 Planta
160 493 357 566 polymorpba
370 495 409 548 ab
422 495 458 550 A.
473 491 631 551 mur-itimd
645 494 676 548 L.
690 494 728 548 ad
741 509 832 566 quam
845 508 911 548 eam
925 497 1059 548 auctores
1071 491 1171 564 plures
1186 492 1285 548 forsan

5 583 7 618 r
41 565 231 621 necimmerito
252 565 417 621 retulerunt
441 565 579 638 capitulis
602 567 704 620 erectis
728 565 868 620 eiramis
892 579 952 618 non
974 564 1150 619 nutantibus
1172 566 1286 618 tantum

5 629 7 696 l
40 637 131 692 diversa
144 640 170 691 et
181 654 198 692 a
210 637 314 692 multis
328 638 358 692 in
372 653 385 690 s
424 638 483 692 cies
502 639 673 692 innumeras
693 636 912 692 characteribus
935 639 981 690 sat
1001 635 1095 690 firmis
1109 650 1169 690 non
1183 635 1286 690 distin-

5 703 7 766 ῗ
40 709 143 779 goradus
154 707 256 763 divisa.
283 709 322 763 A.
340 707 366 764 G
398 709 457 765 lr'cu
471 709 570 764 Willd.
589 711 695 780 praeter
716 708 839 764 lacinias
859 707 1000 762 loliorum
1023 706 1241 762 suburassiores
1258 710 1287 760 et

39 779 794 907 stilti„actitabatblllltttsstt
808 777 1286 906 mittillicitabat

5 885 6 900 ἵ
38 923 100 976 cn'us
110 868 261 977 lhhslulum
277 869 493 978 benevolhhliae
513 895 548 977 οἷ.
562 894 691 977 auctoris
706 893 801 977 debeo
819 923 859 977 ab
872 921 909 976 A.
925 917 1124 991 Lessinpiund
1143 919 1222 996 foliis
1236 919 1288 974 llo-

5 1051 6 1082 3
37 994 77 1046 ra'
97 1009 126 1046 us
137 1009 191 1074 non
204 993 352 1064 elongatis
365 995 395 1075 et
406 994 543 1120 capitulis
557 993 729 1065 paucilloris
749 993 856 1061 differt,
871 997 1011 1048 caeterunt
1024 997 1181 1062 utramque
1196 991 1290 1046 liben-

5 1097 7 1124 i
37 1067 69 1117 ter
78 1065 165 1118 turmis
177 1065 213 1119 Α,
226 1068 432 1136 fragrantes
455 1081 587 1120 numere.

60 1159 98 1213 ir.
111 1158 203 1230 iacgr.
225 1160 383 1231 Hispania,
396 1161 496 1216 Gallia
509 1161 659 1229 estabelis,
673 1159 767 1226 ltalia,
789 1158 871 1229 regio
886 1157 1072 1224 Danubialis‚
1096 1155 1201 1211 Rossia
1220 1171 1287 1210 aus-

5 1233 7 1314 l
35 1229 386 1296 tratis‚Sibi1iaUrelensis
399 1233 554 1287 etdltaioa.

5 1423 7 1520 l
67 1429 107 1492 ll.
129 1428 174 1493 A.
200 1426 431 1513 Sogdiana
455 1429 546 1513 (Bge.
568 1429 615 1494 ΡΙ.
635 1429 745 1494 Lehm.
765 1449 795 1512 p.
816 1427 897 1512 eta)
917 1427 1074 1510 adpresse
1095 1445 1186 1510 cana,
1214 1445 1287 1494 cau·

5 1513 99 1600 ilibus
117 1516 249 1600 virgatis
277 1535 318 1582 ex
345 1518 454 1584 radice
481 1519 633 1585 indurati
662 1518 780 1583 erectis
808 1517 1011 1598 simplicibus
1038 1516 1072 1582 in
1100 1517 1284 1599 paniculum

5 1603 7 1712 l
31 1604 135 1686 longam
149 1607 408 1672 racemilormem
426 1608 527 1672 ramis
546 1607 706 1672 brevibus
722 1607 836 1688 rigidis
854 1605 1064 1686 abeuntibus,
1084 1606 1170 1670 loliis
1182 1624 1288 1671 ramo·

5 1711 89 1810 yrrun
109 1695 270 1760 sterilium
297 1695 449 1762 brevium
474 1696 622 1762 breviter
644 1695 807 1778 petiolatis
827 1695 950 1760 ambitu
979 1695 1129 1775 oblongis
1148 1695 1287 1776 pinnati-

5 1783 109 1847 ¹sectis
131 1784 309 1866 segmentis
334 1785 469 1850 minutis
495 1785 654 1868 bijugis
682 1784 787 1850 ovatls
811 1785 846 1849 in
866 1783 1000 1848 lacinias
1019 1783 1289 1866 ovato-oblongas

28 1870 163 1950 rigidnlus
182 1873 348 1939 carinatas
365 1873 500 1939 obtusas
516 1875 657 1958 partitis,
668 1873 754 1938 foliis
771 1873 910 1940 caulinis
927 1872 1100 1938 diminutis
1116 1871 1187 1937 basi
1202 1876 1289 1938 auri-

27 1960 133 2039 culatis,
147 1961 321 2028 floralibus
338 1961 502 2043 indivisis,
519 1963 670 2045 capillulis
688 1963 790 2029 dense
806 1962 940 2045 spiculis
959 1961 1135 2028 sessilibns
1154 1962 1287 2044 quadri-

26 2045 101 2112 toris
115 2050 314 2131 cylindricis
330 2051 493 2116 involucri
506 2053 709 2118 canesceniis
727 2051 829 2116 deuse
842 2049 1153 2133 resinosa-punctuli
1167 2050 1288 2134 phyllis

25 2133 172 2205 herbaceis
184 2138 370 2205 imbricatis
385 2141 425 2205 ab
441 2141 588 2206 externis
606 2140 813 2206 brevissimis
830 2139 870 2205 ad
886 2140 1001 2205 intima
1020 2139 1287 2221 lineari-oblonga

5 2301 7 2328 Ι
26 2226 149 2307 margus
163 2228 299 2310 hyalino
315 2229 437 2293 sensim
459 2230 562 2296 auctis
590 2240 636 2302 tt.

5 2339 7 2414 ξ
26 2335 166 2462 ΠΗὲιθΙ).ΐαά
175 2339 331 2409 margines
344 2338 428 2393 fluvii
438 2337 616 2394 Sarafschau
627 2355 717 2411 prope
727 2337 914 2394 Samarkand
924 2337 1133 2393 Turkestaniee
1144 2337 1286 2407 (Lehml).

53 2439 74 2456 ··
100 2423 136 2478 p.

5 2491 7 2564 ξ
52 2500 146 2558 Canles
160 2504 285 2579 pedales
300 2510 327 2559 el
340 2505 572 2577 sesquipedales
586 2505 730 2576 'pinnicula
746 2504 822 2559 rami
836 2504 988 2560 interiores
1010 2505 1077 2560 6-10
1088 2505 1183 2560 lineas
1196 2505 1288 2576 longi,

5 2565 7 2646 ξ
28 2569 81 2625 tolia
93 2574 234 2629 radicalia
255 2591 323 2630 cum
337 2577 447 2648 petiolo
467 2575 619 2647 polliceris
632 2576 725 2631 limbo
744 2577 792 2629 ‹zi-7
806 2575 901 2630 lineas
915 2579 1031 2631 tantum
1046 2576 1145 2648 longo.
1170 2577 1287 2650 Species

5 2649 6 2680 ³
30 2639 87 2697 loliis
100 2644 191 2701 tirmis
204 2647 415 2702 crassiusculis
430 2649 591 2717 segmentis
607 2648 731 2702 minutis
745 2663 851 2708 narum
865 2647 972 2702 divisis
985 2653 1013 2702 et
1026 2649 1166 2720 panicula
1179 2664 1288 2719 angus·

5 2741 7 2796 3
31 2714 119 2770 heina
131 2733 149 2771 a
162 2718 271 2773 formis
285 2717 528 2776 Asterius-albos
541 2722 569 2774 et
578 2719 751 2790 fragrantis
766 2723 797 2774 ut
813 2717 928 2772 videtur
940 2721 986 2774 sat
999 2719 1144 2774 distincta.

5 2933 7 3002 T
59 2923 101 2987 15.
122 2925 167 2990 A.
198 2925 405 2992 serotina
428 2925 519 3009 (Bge.
542 2929 583 3009 pl.
611 2927 719 2992 Lehm.
750 2947 779 3010 p.
802 2925 881 3009 {llll
911 2925 1069 3007 adpresse
1091 2932 1289 2994 tomentoso-

5 3009 7 3084 ζ
25 3027 93 3091 una,
108 3014 261 3080 caulibus
279 3015 398 3080 erectis
415 3015 510 3080 clalis
527 3017 696 3082 herbaccis
710 3017 778 3100 jam
796 3017 893 3098 paulo
913 3033 1015 3098 supra
1036 3016 1128 3081 basin
1146 3017 1180 3080 in
1196 3018 1288 3101 paui-

5 3085 7 3124 ³
23 3101 108 3166 culam
119 3103 252 3184 longam
268 3107 431 3186 patentem
445 3103 653 3185 abeuntibus,
666 3107 749 3172 loliis
762 3103 975 3169 inferioribus
989 3105 1151 3186 petiolatis
1164 3106 1287 3170 ambitu

5 3133 107 3270 'cutis
122 3193 154 3256 in
172 3192 313 3258 lacinias
327 3193 469 3259 lineares
486 3193 604 3257 breves
621 3194 895 3278 bipinnatisectis,
908 3193 1047 3259 caulinis
1063 3195 1104 3260 ad
1120 3213 1287 3260 ramorum

5 3273 138 3348 {hainin
153 3286 327 3364 segmenta
344 3281 613 3347 lineari-cuneata
632 3284 826 3368 ild-partita
845 3283 898 3346 vel
915 3281 978 3347 fida
996 3284 1105 3372 sectis,
1117 3283 1287 3348 floralibus

22 3369 107 3434 oratis
123 3369 274 3449 minutis,
301 3370 453 3452 capitulis
471 3371 673 3437 subtrilloris
697 3371 888 3455 cylindricis
907 3371 939 3435 in
961 3371 1067 3453 spicas
1087 3373 1287 3438 laxiusculas

22 3471 98 3521 acus
125 3477 242 3524 ramos
273 3458 457 3540 dispositis,
484 3460 645 3525 involucri
675 3460 946 3526 cuno-tomentosi
976 3460 1287 3543 resinosa-punctuli

22 3542 122 3624 phyllis
138 3547 180 3611 ab
197 3547 297 3614 inter.
315 3546 483 3614 herbaceis
503 3550 607 3614 oratis
622 3547 662 3614 ad
678 3550 791 3614 intima
812 3552 880 3614 lere
898 3550 1030 3614 omnino
1048 3551 1192 3618 scariosa
1212 3567 1286 3614 sen·

22 3629 70 3698 dm
85 3637 187 3702 auctis
258 3687 264 3700 .

5 3745 7 3802 l
48 3741 116 3799 Hab.
129 3645 347 3803 intertukara
359 3747 583 3804 etSamorkcncl
594 3749 801 3805 Turkestaniae
815 3750 921 3819 (Lebm
931 3753 958 3820 t).
974 3751 1015 3806 st.
1029 3752 1108 3824 Sept.

5 3807 8 3886 f
47 3837 144 3897 Cautes
157 3859 231 3898 cum
246 3843 385 3915 panicula
397 3843 626 3916 2-2¹(2·pedales,
647 3845 785 3916 panicula
799 3845 1018 3919 sesquipedalis
1039 3847 1129 3902 ramis
1143 3847 1287 3902 interiori-

5 3895 65 3966 llus
75 3913 340 3986 tbpollicaribus
354 3930 386 3970 ca
408 3915 483 3970 itala
495 3917 546 3986 l¹la
561 3917 611 3971 lin.
624 3916 722 3987 longa.
743 3916 862 3988 Species
876 3934 894 3972 a
907 3917 1021 3973 caeteris
1042 3919 1180 3973 sectionis
1196 3918 1287 3974 cauli·
1377 3963 1381 3969 .

5 3971 7 4060 l
21 3975 64 4035 hus
75 3983 227 4042 herbaceis
241 3931 466 4058 procerishrliis
479 3987 662 4042 intermediis
675 3987 707 4042 in
720 3995 875 4059 segmenta
888 3992 1014 4044 cuneata
1024 3989 1129 4044 divisis
1142 3989 1287 4046 distincta.

5 4071 7 4096 l

56 4193 100 4259 lli.
125 4195 173 4262 A.
203 4195 415 4276 Aucheri,
441 4198 597 4264 fruticosa
614 4203 794 4266 tomenlosa
811 4201 864 4264 vel
882 4217 1059 4266 canescens
1076 4200 1289 4268 indurescen-

5 4279 56 4372 gal
71 4282 199 4351 demum
225 4285 387 4367 glabratei,
413 4287 561 4353 caulibus
592 4289 724 4370 virgulis
753 4289 787 4354 in
813 4289 997 4373 paniculum
1027 4290 1209 4372 simplicem
1235 4293 1289 4357 vel

5 4375 217 4458 lmmpositam
240 4373 389 4440 strictam
408 4393 606 4442 racemosam
627 4377 772 4443 breviter
788 4397 950 4444 ramosam
974 4379 1183 4462 abeuntibus,
1206 4381 1288 4446 loliis

5 4459 114 4536 inanis
133 4463 286 4530 breviter
305 4463 469 4546 petiolatis
489 4467 610 4531 ambitu
631 4466 885 4535 suborblonlatis
910 4469 943 4532 in
969 4468 1104 4533 lacinias
1125 4470 1289 4536 confertas

5 4537 159 4628 lngiduas
178 4551 333 4617 breviter
360 4553 528 4619 subulatas
550 4555 707 4636 pinnulim
730 4557 780 4620 vel
797 4557 991 4640 biplnnutim
1012 4558 1110 4624 scutis
1129 4558 1169 4624 ad
1194 4559 1289 4626 basin
