3122 5178
29 342 256 406 Seorzonera.
610 350 797 404 conrnosrr'rs.
1299 349 1354 406 tec

31 469 322 556 pinnatipartitis
350 473 468 540 lacinia
501 475 668 540 terminali
704 473 913 555 longissima,
945 475 1097 558 capitulis
1127 476 1352 544 mediocribus

29 557 270 639 abbreviatis,
288 563 453 629 involucri
472 564 513 629 ad
529 564 654 646 apicem
672 564 862 647 plryllornm
882 564 1015 632 licccosi
1033 565 1090 632 vel
1103 567 1237 632 omnino
1251 567 1351 634 lanati

31 647 181 732 phyllis
197 651 285 718 intus
301 652 485 735 puberulis,
498 653 647 720 flosculis
663 654 811 719 externis
829 654 1000 720 involucro
1018 653 1352 738 duplo-longioribus,

30 737 404 914 {Zbeqiish‘jnssriozrgbus
417 741 541 824 glabris
555 741 654 826 0.-
667 739 932 850 Podosparluum
944 742 1099 812 Curictico
1111 743 1219 816 Boiss
1235 745 1351 828 Diagn.

31 881 327 1083 doffliraecrl'drrurffes
342 942 437 1020 Cariae
449 943 607 1032 (Pinardl),
618 942 739 999 Pisidiae
754 942 791 999 ad
803 958 916 1060 pagum
930 942 1146 1000 chelticktohi
1159 961 1252 1017 prope
1263 944 1352 1001 Boul-

74 1105 335 1181 SesquipedaliS,
358 1108 433 1164 folio
455 1109 596 1166 radicalia
621 1109 739 1182 petiolis
759 1108 830 1164 latis
853 1109 979 1166 suffulta
997 1110 1222 1183 tta-polliceris.
1241 1111 1353 1168 Praeter

33 1175 513 1309 ξὶίιῧοῒιξὲἓὲῗίὲῗὲιῇεῃῐοὲοοοοεα
528 1180 683 1238 involucro
702 1181 879 1237 abbreviato
893 1185 923 1237 et
934 1181 1039 1254 ligulis
1053 1183 1201 1256 elongetis
1215 1199 1233 1239 a
1247 1183 1352 1240 formis

89 1439 127 1503 la.
158 1439 200 1506 S.
226 1437 436 1508 radicosa
453 1437 575 1525 (Boiss.
597 1440 712 1524 Diagn.
731 1439 801 1507 Ser.
817 1442 842 1518 I,
863 1443 912 1514 ll,
932 1460 963 1524 p.
979 1425 1037 1524 lad)
1054 1439 1234 1508 rbizomate
1252 1443 1352 1508 verti·

33 1526 107 1592 cali
143 1529 331 1613 pluricipiti
357 1529 515 1596 indurato
540 1529 644 1597 dense
673 1529 1038 1615 pulvinato-cespitoso,
1062 1530 1146 1596 soliis
1173 1530 1235 1596 sub
1263 1530 1350 1598 lente

36 1619 183 1686 minute
201 1627 234 1685 et
253 1619 399 1703 crispule
417 1619 669 1686 canescentibus
688 1625 828 1702 anguste
842 1620 1024 1686 linearibus
1038 1619 1198 1686 flexuosis
1213 1621 1349 1702 integris
1394 1627 1396 1635 “

36 1707 97 1771 vel
121 1705 161 1773 in
186 1710 277 1776 lobos
297 1709 450 1774 minimos
470 1711 585 1774 oratos
604 1709 656 1773 vel
677 1707 826 1775 breviter
844 1709 989 1775 lineares
1008 1709 1212 1792 pinnatilidis
1230 1709 1351 1776 carrali-

36 1795 323 1881 culato-plicatiS,
346 1797 543 1865 radicalibus
565 1799 830 1878 confertissime,
854 1798 1005 1864 caulibus
1024 1799 1183 1866 tenuibus
1203 1798 1349 1865 flaccidis

40 1885 156 1951 nudis
182 1887 426 1970 monooopbalis
454 1887 530 1954 tolia
555 1887 764 1971 aeqrrantibus
790 1889 844 1954 vel
870 1888 1088 1971 9-3-cepbalis
1108 1906 1205 1972 parce
1225 1887 1350 1954 foliosis

40 1973 128 2040 lolia
151 1976 255 2060 duplo
273 1977 521 2060 superantibus,
541 1976 693 2061 capitulis
710 1977 823 2061 parvis
844 1977 1009 2043 obconicis
1031 1977 1231 2062 paucilioris,
1256 1979 1350 2043 invo-

40 2063 137 2130 lucri
167 2065 299 2150 phyllis
319 2065 571 2132 canescentibus
601 2072 740 2150 anguste
773 2067 1033 2134 membranaceis
1064 2067 1278 2134 acutiusculis
1308 2067 1351 2132 ab·

41 2155 207 2221 externis
223 2157 264 2222 ad
279 2156 411 2222 interna
426 2155 587 2238 elongatis
605 2155 808 2236 laxiusculis,
824 2156 970 2222 flosculis
984 2155 1082 2224 luteis
1096 2163 1194 2224 extus
1210 2155 1350 2224 rubellis

42 2242 231 2312 involucro
251 2243 350 2311 tertii
367 2251 463 2330 parte
481 2245 697 2328 longioribus
719 2244 882 2312 acbcniis.
895 2291 926 2310 ..
956 2255 1002 2320 tt.

82 2355 169 2412 Hah.
194 2358 226 2412 in
250 2357 397 2429 glareosis
419 2357 534 2430 alpium
554 2356 750 2414 Hasartschal
770 2357 801 2412 in
823 2357 894 2429 jugo
916 2337 1026 2413 Elbrus
1048 2356 1224 2414 occidentali
1239 2357 1350 2414 Persis

43 2425 482 2570 ffigaatlaifftfflb({³toss?j2!)’
495 2429 553 2484 hirc
565 2445 685 2502 quoque
696 2427 820 2502 probeb.
833 2429 982 2501 specimen
991 2429 1207 2503 incompletum
1218 2446 1234 2485 e
1246 2431 1349 2485 monte

73 2597 178 2655 ¹Folia
194 2591 240 2654 lo
254 2597 456 2672 ¹l2-pollicaria
466 2598 577 2653 lineam
590 2597 661 2664 lata,
675 2597 765 2653 facies
781 2600 810 2652 et
822 2597 952 2670 capitula
965 2595 997 2655 S.
1012 2613 1149 2671 pyomeoe
1167 2600 1195 2654 et
1212 2597 1347 2654 affinium

42 2669 248 2814 isgguffiodla
259 2669 481 2742 pinnatilobata
491 2669 687 2742 probabiliter
697 2668 729 2724 S.
741 2667 1206 2771 Jacquina'auoeapproximanda.
1219 2669 1347 2726 Fructus

95 2933 127 2995 5.
147 2928 189 2996 S.
206 2929 418 3014 bulbtpes
438 2928 561 3014 (Boiss.
579 2933 612 2995 et
629 2927 790 3013 Haussk.)
808 2947 905 3013 parce
925 2927 1113 3012 pubescens
1131 2927 1262 2996 demum
1281 2929 1348 3012 gla-

49 3018 159 3098 breta,
185 3019 294 3086 radice
316 3019 475 3099 verticuli,
495 3018 577 3086 collo
598 3018 695 3086 valde
718 3025 902 3103 squamato,
921 3017 1070 3084 caulibus
1090 3017 1214 3084 loliosis
1235 3037 1349 3086 ascen·

48 3108 212 3178 dentibus
229 3107 435 3192 simplicibus
448 3109 501 3174 vel
519 3108 661 3174 emedio
678 3125 775 3192 parce
787 3113 820 3175 et
832 3109 945 3174 stricte
961 3107 1102 3173 ramosis
1120 3108 1346 3192 bil-cephalis

49 3197 139 3266 toliis
160 3198 363 3276 radicalibus
383 3196 689 3282 ellipticooblongis
709 3197 949 3265 obtusiusculis
969 3196 1180 3263 denticulatis
1198 3197 1347 3264 breviter

49 3287 81 3354 in
108 3289 269 3373 petiolum
297 3289 486 3368 attenuatis,
506 3287 646 3354 caulinis
675 3309 694 3354 a
722 3288 794 3354 basi
822 3287 887 3354 late
915 3285 1347 3368 amplexicauli-auriculatt

47 3383 148 3446 acute
175 3377 370 3463 pinnatitida
399 3377 452 3442 vel
482 3375 631 3443 laciniata
659 3376 808 3460 oblongis
837 3377 888 3442 vel
922 3375 1112 3442 lanceolatis
1139 3375 1347 3456 acuminatis

49 3467 208 3554 capitulis
225 3466 417 3551 majusculis
435 3467 530 3548 longe
546 3465 789 3549 pedunculos,
803 3464 965 3533 involucri
979 3465 1067 3531 ovati
1079 3464 1348 3549 ruinoso-pube·

53 3557 120 3626 ruli
142 3556 275 3624 demum
302 3555 539 3638 glabrescentis
563 3555 686 3640 pbyllis
710 3561 799 3622 arcte
822 3555 1004 3622 imbricatis
1030 3554 1071 3620 ab
1095 3554 1218 3621 infimis
1240 3561 1348 3620 trans-

52 3663 155 3714 verse
175 3645 346 3713 latioribus
363 3644 506 3712 cordatis
520 3643 668 3711 breviter
684 3643 824 3712 acautis
842 3643 882 3710 ad
900 3644 1014 3710 intima
1028 3644 1242 3710 obtusissima
1259 3644 1348 3710 elon·

52 3735 151 3819 gatis
168 3733 343 3802 flosculise
361 3733 446 3801 sicco
463 3733 594 3800 flavidis
607 3734 780 3801 involucro
793 3734 959 3818 subduplo
972 3732 1187 3816 longioribus,
1200 3733 1347 3800 antberis

44 3824 233 3904 ‚brunneis
251 3823 396 3891 acireniis
414 3823 526 3907 stipite
544 3841 623 3891 cavo
646 3823 820 3909 pyriiormi
846 3840 993 3907 superne
1013 3823 1146 3905 globosa
1165 3823 1347 3890 incrassato

56 3915 203 3982 suffultis
218 3913 375 3982 brevibus
394 3930 510 3998 grosse
527 3913 805 3980 costato-sulcatis
820 3913 959 3980 laevibus
974 3927 1082 3997 pappo
1099 3911 1234 3980 sordido
1250 3931 1348 3996 supe·

54 4003 136 4072 ratis
161 4013 209 4078 p,

89 4114 169 4171 Hab.
185 4118 217 4170 in
228 4115 398 4188 subalpinis
412 4115 617 4172 Kurdistaniae
630 4114 756 4172 Persioae
774 4113 806 4170 in
824 4117 925 4172 monte
944 4114 995 4170 Pir
1012 4113 1104 4171 Omar
1119 4113 1246 4171 Gudrun
1267 4113 1347 4172 4000’

53 4185 223 4256 (Hausskll
240 4193 269 4244 et
283 4202 375 4260 prope
388 4186 522 4244 Mendeli
536 4188 613 4258 (Noe
626 4202 688 4243 exs.
701 4184 858 4314 pcllidl).
874 4183 941 4242 Hbc
958 4187 1049 4242 etiam
1069 4186 1163 4242 refero
1183 4202 1197 4241 s
1236 4187 1347 4244 cimina

55 4257 186 4316 florifera
199 4273 214 4314 e
228 4259 353 4316 desertis
363 4259 499 4330 Assyriae
511 4273 604 4332 prope
616 4257 676 4316 Ras
689 4273 704 4314 e
731 4257 790 4314 Ain
804 4259 833 4313 et
846 4255 1067 4314 Kotschhassar
1079 4257 1194 4326 (Hauss
1223 4259 1254 4328 t).

88 4353 212 4416 Pedalie
225 4360 254 4410 et
266 4355 381 4424 elatior,
389 4355 463 4411 folia
472 4355 616 4424 inferiora
628 4355 679 4412 4-5
690 4353 815 4428 pollices
827 4353 920 4425 longa
932 4354 950 4410 2
961 4353 1033 4422 lata,
1046 4353 1177 4428 capitula
1190 4358 1219 4410 et
1228 4353 1349 4411 involu-

54 4439 137 4484 crum
164 4425 195 4485 S.
219 4425 403 4485 Lrbcnolicoe
424 4431 453 4484 et
472 4425 573 4484 cbca'sae
589 4427 642 4482 sed
664 4425 754 4500 paulo
777 4426 926 4482 breviora.
949 4425 1068 4499 Species
1094 4425 1224 4496 insignis
1249 4426 1349 4499 stipite

56 4497 174 4556 ochenii
184 4499 388 4572 pyriiormiter
399 4499 503 4556 inflato
517 4499 642 4556 asbanio
652 4499 718 4582 ipso
731 4511 792 4556 non
805 4497 935 4556 multum
949 4497 1094 4564 breviore,
1108 4497 1163 4554 bec
1174 4497 1349 4555 notaPodo-

55 4571 182 4642 sparnc's
193 4569 393 4628 adnumerata
407 4569 461 4627 sed
471 4571 613 4628 omnibus
623 4569 692 4627 aliis
705 4570 785 4628 notis
798 4569 828 4630 S.
843 4569 944 4628 mm'aae
956 4571 1036 4626 arcte
1049 4569 1161 4626 affinis.
