3150 5202
37 338 187 398 ‘cusum
605 354 793 397 couroerrm.
1288 339 1341 396 551

48 461 166 529 Graecc
186 468 222 530 et
243 463 299 530 Cb.
320 467 568 545 ctrcpurpurcu
583 465 689 531 Boias,
709 469 742 530 et
760 462 873 530 Heldr.
894 462 1009 545 Diagn.
1033 462 1103 530 Ser.
1122 463 1163 547 ΙΙ,
1185 464 1216 545 3,
1236 483 1268 548 p.
1289 465 1341 530 ti.

50 589 91 598 -
110 549 270 636 Lampru
289 552 380 618 statu
397 551 487 620 Cass.

82 662 154 718 Hah
175 664 211 718 in
227 666 350 736 regione
364 665 510 736 sylvaticd
522 665 696 736 Eurytania
714 663 840 734 (Samar.
860 665 891 720 in
911 663 1014 720 Heldr.
1032 663 1343 733 Herb.N01·m.712!),

45 732 220 876 ffxhgesffi?
243 736 276 792 in
295 734 425 810 Olympo
444 751 536 809 prope
552 736 667 808 Hagios
686 735 849 804 Dionysius
866 735 947 792 4000’
967 734 1100 798 {Heldrt
1117 734 1210 808 Orph.
1228 733 1271 790 Fl.
1290 733 1340 802 Gr.

80 889 170 946 Prius
188 891 328 974 plantam
346 892 482 948 Graecam
502 907 556 964 pro
577 893 718 948 verietate
740 891 904 948 habueram
921 891 974 947 sed
998 892 1165 965 specimina
1182 895 1341 948 occurrunt

45 959 157 1017 Italicis
172 962 345 1018 simillima.
1029 979 1036 994 ·

80 1047 130 1104 Ar.
146 1047 256 1120 deogn
276 1048 360 1104 ltalia
373 1047 523 1116 australis,
537 1047 650 1104 Serhia.

91 1217 200 1288 ihc.
215 1215 601 1305 diacanthaibahill.
611 1219 683 1303 Syr.
694 1219 768 1286 Dcc.
781 1218 821 1293 ΙΙ,
830 1240 862 1304 p.
875 1220 978 1300 iduh.
990 1221 1009 1285 3
1019 1219 1081 1286 suh
1092 1218 1339 1305 Gurdrmlcaulo

45 1309 131 1375 elato
146 1309 338 1375 canescenti
358 1310 451 1375 tenui
466 1327 612 1394 superne
624 1309 818 1393 corymbose
833 1314 866 1376 et
882 1309 1084 1392 longiuscule
1100 1325 1241 1389 ramoso,
1253 1307 1338 1374 loliis

47 1416 149 1480 supra
163 1396 296 1478 glabris
307 1397 426 1465 subtus
437 1399 740 1466 niveo-tomentosis
764 1398 1085 1464 lineari-lanceolatis
1098 1397 1340 1481 semiamplexi-

45 1486 198 1554 caulibus
211 1490 343 1552 remote
357 1491 391 1552 et
403 1487 529 1555 minute
545 1486 687 1555 dentatis
700 1487 855 1555 dentibus
871 1489 905 1554 io
923 1487 1035 1571 spinas
1053 1486 1175 1570 saepius
1191 1486 1337 1568 geminas

47 1575 189 1642 davides
205 1579 328 1642 tenues
345 1575 555 1650 abeuntibus,
573 1577 725 1662 capitulis
745 1575 840 1660 longe
859 1571 1089 1660 pedunculatis
1109 1575 1340 1642 terminalibus

47 1664 278 1732 mediocribus
305 1664 421 1746 vivatis,
445 1666 607 1733 involucri
630 1665 812 1734 tomentelli
836 1665 958 1750 phyllis
982 1666 1016 1731 in
1041 1665 1171 1748 spinam
1197 1664 1339 1732 validam

42 1752 446 1837 lanceolato-triuuetram
459 1755 654 1823 interiorum
671 1756 829 1822 reilcxam
846 1753 1118 1822 intermediorum
1132 1755 1278 1837 patulam
1291 1754 1339 1820 eis

42 1844 150 1910 multo
178 1842 365 1925 longiorem
390 1843 589 1912 abeuntibus
612 1845 736 1910 intimis
761 1844 940 1929 purpureis
963 1844 1082 1911 erectis
1106 1843 1261 1910 scamosis
1289 1851 1336 1917 lt.

42 1929 286 2012 clumcpeuce
304 1930 483 1997 diaconilia
501 1953 562 2002 ne.
580 1933 698 2000 Prodr.
717 1933 771 2009 vl,
791 1953 824 2017 p,
841 1935 915 2000 659.
936 1971 976 1982 -
993 1930 1254 2014 Plutprupbium
1266 1929 1340 1996 Bit·

48 2019 192 2086 turdiere'
213 2020 306 2088 Cass.

82 2131 161 2188 Hab.
177 2134 209 2188 in
235 2132 422 2204 rupestribus
445 2133 596 2188 montanis
618 2135 648 2188 et
668 2132 836 2205 subalpinis
855 2132 965 2188 Ciliciae
983 2131 1124 2188 Trecheae
1146 2131 1187 2187 ad
1203 2132 1339 2188 duamur

51 2201 1058 2346 rearrearerurirrrurmrrr(aarum
1070 2203 1339 2344 terruere

53 2343 163 2400 Libano
175 2346 258 2402 circa
270 2346 352 2401 Eden
367 2349 395 2402 at
414 2345 453 2401 ad
466 2345 625 2410 Cedretum
640 2346 730 2416 (Labi
744 2345 792 2402 Bll
805 2346 864 2417 Ky.
878 2346 966 2414 2211),
979 2345 1018 2401 ad
1030 2345 1154 2416 Tuglna
1166 2346 1243 2401 inter
1253 2343 1338 2402 Sido-

53 2429 116 2542 ffim
140 2421 169 2542 etl
193 2417 377 2473 Damascum
400 2421 428 2472 et
452 2432 543 2489 supra
563 2417 664 2474 Chcba
687 2418 718 2473 in
741 2420 840 2474 monte
858 2417 1007 2474 Hermone
1027 2415 1336 2487 Antilibauiffiailll).
1406 2469 1413 2475 .

88 2530 93 2540 .
106 2502 147 2542 aas

95 2658 146 2722 tl.
173 2657 215 2726 C.
242 2655 527 2726 Tauricolum
544 2657 665 2743 (Boias.
680 2662 713 2725 et
724 2657 881 2743 Haussk.)
897 2657 989 2724 carrle
1002 2659 1086 2726 elato
1099 2675 1179 2726 cano
1190 2676 1337 2743 superne

46 2747 258 2829 *corymboso
270 2747 355 2813 loliis
368 2765 470 2831 supra
482 2747 606 2829 glabris
619 2748 738 2815 subtus
751 2747 859 2815 niveis
872 2747 1193 2815 lineari-lanceolatis
1211 2749 1336 2815 minute

56 2833 167 2902 iubatis
187 2836 276 2902 iobis
295 2835 406 2902 bifidis
431 2837 465 2902 in
490 2837 603 2919 spinas
619 2838 765 2920 geminas
790 2835 999 2918 abeuntibus,
1019 2833 1157 2904 caulinis
1182 2837 1335 2903 semiam-

56 2922 305 3005 pleumundus,
317 2925 469 3010 capitulis
481 2927 609 3010 magnis
621 2925 851 2994 terminalibus
864 2926 959 3009 louge
972 2926 1202 3010 pedunculutis
1218 2926 1335 3006 ovatis,

56 3011 214 3081 involucri
234 3032 332 3100 parce
346 3013 554 3083 arachnoidei
565 3013 686 3098 phyllis
701 3017 736 3081 in
754 3016 882 3099 spinam
902 3015 967 3080 late
981 3013 1193 3082 lanceolatam
1213 3015 1336 3082 subiri·

57 3105 201 3184 quetrani
220 3100 416 3172 interiorum
437 3105 594 3172 rollenum
613 3103 886 3172 intermediorum
905 3103 1175 3188 erecto-patulam
1195 3104 1334 3170 floribus

58 3192 269 3276 aquilongam
296 3191 505 3276 abeuntibus,
528 3193 654 3260 intimis
681 3193 835 3260 scariosis
862 3192 993 3276 erectis,
1019 3193 1167 3260 flosculis
1196 3193 1337 3276 carneis,

58 3278 195 3348 acheniis
212 3285 319 3349 ovat-is
335 3283 434 3349 rectis
459 3291 505 3356 tc.

89 3387 161 3446 Hah.
175 3393 207 3448 in
221 3391 373 3449 Cataoniee
386 3391 498 3449 ditione
513 3391 652 3448 Marasch
665 3393 696 3448 in
710 3393 789 3450 valle
802 3394 888 3450 duvii
901 3393 1012 3467 Djihan
1024 3389 1194 3464 (Hausslrl).

88 3483 163 3542 lutor
176 3487 206 3545 C.
220 3487 418 3546 diaccutbum
431 3491 460 3546 et
474 3487 505 3546 G.
519 3490 635 3562 Attum
652 3491 871 3559 intermedium,
884 3490 956 3548 iolla
968 3493 997 3548 et
1016 3480 1141 3547 achenia
1181 3489 1267 3546 rioris
1283 3489 1337 3548 sed

52 3581 54 3586 ’
92 3555 402 3702 ᾚεέθέἒιίοοὲξὶω
410 3560 992 3636 involucralcsposterioris,capitulaeis
1000 3559 1148 3620 Gallaecia
1181 3561 1337 3634 oemajora,

83 3668 88 3678 ·
199 3648 219 3686 u
285 3648 305 3688 n
362 3671 368 3684 .

102 3797 151 3866 id.
175 3799 215 3868 G,
241 3801 635 3889 echinocephalum
663 3801 792 3882 (Willd.
813 3803 869 3890 Sp.
889 3804 946 3884 111,
966 3825 998 3890 p.
1020 3805 1105 3870 1685
1134 3803 1196 3871 sub
1222 3802 1336 3892 (luico)

56 3888 147 3954 ¹caule
159 3907 237 3956 cuno
250 3889 459 3958 foliosissimo
473 3909 620 3975 superne
639 3891 741 3958 dense
756 3894 951 3978 corymboso
964 3895 1074 3961 rarius
1090 3893 1336 3978 monocephalO,

65 3971 140 4074 loliis
168 3997 270 4066 supra
301 3979 425 4063 glabris
459 3981 579 4048 subtus
611 3981 717 4050 niveis
749 3984 938 4050 lanceolatis
970 3983 1004 4048 in
1034 3981 1167 4049 lacinias
1196 3987 1335 4066 anguste

66 4057 196 4134 lineares
211 4069 361 4152 margine
379 4069 547 4137 revolutas
563 4071 677 4155 longas
694 4071 863 4139 interdum
880 4072 1093 4156 bil-partitas
1109 4068 1335 4154 pinnatiscctis

67 4155 281 4234 superioribus
324 4157 789 4244 subsemiamplexicuulibus,
830 4162 983 4248 capitulis
1021 4161 1149 4244 magnis
1189 4159 1336 4226 breviter

68 4241 283 4319 pedunculatis
298 4248 415 4330 uvalis,
429 4249 594 4316 involucri
605 4249 821 4334 glabriusculi
833 4251 955 4338 phyllis
974 4250 1142 4334 adpressis
1152 4247 1188 4313 in
1207 4250 1336 4333 spinam

68 4338 191 4412 mguste
223 4335 571 4404 lineari-lanceolatam
604 4341 652 4405 eis
681 4339 926 4425 sublongiorem
956 4339 1145 4408 infimorum
1178 4337 1337 4406 reflexam

66 4413 325 4492 .intermediorum
338 4428 611 4512 erecto-patulum
624 4428 822 4497 abeuntibus
834 4430 961 4497 intimis
977 4429 1158 4513 purpureis
1171 4427 1338 4508 suduosis,

64 4501 201 4578 dosculis
215 4515 395 4600 purpureis
418 4525 463 4592 ᾏ.
