3036 5170
48 351 176 409 millenae
557 363 742 407 conrosrrm.
1237 343 1292 400 309

72 473 131 528 llab.
143 474 168 528 in
180 473 293 548 campis
306 489 325 528 a
334 489 416 529 marc
426 473 544 544 longius
555 473 684 542 remotis‚
691 473 786 527 Attica
797 469 834 526 ad
845 467 966 524 Eleusin
980 469 1009 523 ct
1021 465 1292 538 Eumorphoklissa

46 543 155 614 (Hadri),
166 545 194 598 in
207 544 352 615 Argolide
364 543 460 618 (Orph
470 547 498 616 l),
514 543 640 600 Arcadia
652 543 690 598 ad
703 541 870 614 Tripolizza
881 538 988 609 (Heldr
997 540 1025 608 Ι),

75 685 100 813 ἔ.
120 655 335 724 Heracleotico
353 657 457 723 Boiss.
477 661 510 722 et
529 655 641 759 Heldr.
661 655 775 759 Diagn.
796 652 866 758 Ser.
887 653 926 735 ll,
944 651 974 732 3,
991 671 1022 755 p..
1040 651 1091 755 hb.
1111 685 1153 694 —
1172 646 1289 752 Gaulos

4 773 6 838 ¹
43 746 218 916 tellit,
231 745 537 918 llllllthlllt
547 745 930 917 rtllhthllllffl
962 742 1086 807 Μ
1116 753 1289 824 ¹³⁸l¹⁰¹⁰s³⁸

68 946 129 1002 llab.
139 947 167 1002 in
178 961 243 1004 cam
267 947 293 1002 is
306 946 451 1002 montosis
461 944 565 1000 Atticae
578 944 616 1000 ad
625 943 801 1000 Heracleam
812 942 926 1013 (Haldr.
937 942 1027 997 Herb.
1039 941 1140 997 Ncrm.
1154 935 1290 1006 N⁰5021),

41 1019 154 1074 inmonte
166 963 329 1088 Lycafletto
342 1016 471 1089 (Orpbl).

66 1111 152 1168 Gades
164 1112 361 1183 semipedales
373 1117 425 1168 aut
436 1112 488 1169 vix
498 1112 656 1183 longiores,
670 1111 701 1166 in
712 1127 777 1166 var.
789 1130 813 1181 γ.
826 1110 1029 1184 tripollicares.
1040 1107 1118 1164 Inter
1128 1104 1290 1161 varietates

40 1189 195 1240 muneratas
206 1183 294 1239 nulla
306 1184 479 1240 discrimina
492 1184 637 1254 graviora,
651 1181 744 1256 paleae
758 1186 787 1238 et
800 1182 925 1238 achenia
938 1178 1060 1237 omnino
1073 1176 1188 1236 cadem.

63 1278 98 1332 lr.
112 1279 204 1349 dangu
223 1277 334 1350 Sicilia,
345 1278 429 1336 ltalia
441 1279 589 1336 australis.

69 1480 434 1548 bbhtomentosa
451 1478 558 1566 (Urv.
571 1480 686 1546 linum.
707 1500 736 1563 p.
762 1481 833 1545 113.
848 1515 889 1526 -
906 1480 943 1546 E.
955 1477 1010 1561 Sp.
1030 1478 1077 1542 ΡΙ.
1091 1475 1148 1541 lid.
1167 1475 1182 1541 1
1202 1480 1236 1540 et
1256 1473 1288 1540 ll

35 1585 80 1634 nec
94 1567 171 1650 Syst.
187 1566 263 1634 Nat.
277 1569 337 1634 Ed.
351 1569 413 1636 Xll
430 1587 491 1635 nec
506 1566 634 1645 Gonan)
647 1570 723 1653 plus
740 1569 849 1636 minus
865 1569 966 1634 dense
980 1563 1289 1634 lamentosa-lanata

36 1657 128 1722 acolio
146 1656 349 1740 plurimulis,
367 1659 516 1726 caulibus
540 1657 815 1724 decumbentibus
835 1657 887 1724 vel
905 1654 1160 1723 ascendentibus
1177 1653 1287 1720 brevi-

34 1743 80 1810 bus
91 1746 200 1812 crassis
213 1745 418 1814 divaricatim
435 1748 585 1828 ramosis,
603 1747 688 1813 loliis
701 1746 813 1831 parvis
824 1747 860 1812 in
880 1749 1049 1828 segmenta
1060 1760 1166 1827 pauca
1182 1760 1286 1825 parva

33 1834 144 1900 obovda
160 1836 210 1900 vel
236 1835 376 1919 oblonga
394 1837 522 1919 integra
548 1837 598 1901 vel
614 1835 785 1920 pauciloba
800 1833 1068 1920 pinnatipartitis‚
1089 1830 1285 1915 pedunculis

33 1920 164 1989 brevibus
182 1924 318 1990 demum
330 1925 532 2008 incrassatis,
548 1924 714 1992 involucri
729 1923 828 1990 lanati
845 1923 968 2008 phyllis
980 1926 1045 1988 ext.
1066 1921 1170 1986 acutis
1184 1919 1287 1986 inter-

33 2010 71 2075 nis
83 2010 198 2079 obtusis
217 2013 312 2098 apice
339 2014 502 2090 scabiosis,
519 2014 716 2097 receptaculi
736 2012 951 2080 ovato-conici
967 2011 1069 2095 paleis
1090 2011 1155 2075 late
1172 2007 1286 2074 oblon-

30 2097 157 2184 p'arpicc
175 2103 319 2184 abrupte
336 2103 512 2169 attenuatis
530 2101 731 2170 mucronatis
747 2107 869 2185 praeter
884 2119 1025 2167 nervum
1038 2100 1178 2166 rubrum
1197 2095 1288 2163 albo-

29 2183 156 2270 hvaliuis‚
174 2191 288 2274 ligulis
306 2191 388 2256 albis
412 2191 583 2258 sterilibus
614 2192 703 2258 disco
734 2190 955 2270 brevioribus,
981 2188 1126 2256 acheriis
1147 2184 1286 2252 laevibns

30 2273 123 2343 ubilis
145 2279 291 2347 obsolete
317 2280 442 2346 strictis
473 2281 620 2347 externis
647 2280 834 2365 praesertim
873 2277 1099 2362 subangnlatis
1129 2274 1284 2340 omnibus
1353 2295 1357 2303 ·

29 2365 99 2444 apice
113 2366 243 2452 oblique
262 2369 422 2435 truncatis
437 2371 471 2434 et
487 2375 609 2454 practer
624 2374 760 2437 externa
772 2369 882 2436 rarius
894 2369 1042 2450 margine
1060 2368 1198 2448 angusto
1212 2362 1286 2428 uni·

31 2449 129 2521 laterali
144 2456 265 2524 donata
281 2458 382 2525 calvis
398 2464 447 2536 Θ.
467 2459 505 2522 Α.
522 2457 735 2541 pererrante
755 2456 890 2522 hirsuto
905 2476 966 2523 nc.
983 2455 1103 2522 Prodr.

57 2565 115 2620 llab.
124 2570 154 2622 in
166 2568 266 2624 arenis
280 2569 442 2625 maritimis
456 2569 626 2625 Graeciaead
639 2569 816 2624 Corinthum
827 2568 934 2636 (Hcldr
945 2569 951 2623 l
963 2567 1072 2640 Orphll
1086 2571 1115 2622 at
1127 2565 1284 2622 Lechaeum

87 2635 134 2707 ln,
145 2638 314 2695 Thessaliae
329 2640 367 2694 ad
381 2641 518 2696 Celerina
532 2641 627 2712 (Orph
636 2642 666 2708 t),
680 2639 789 2695 insulae
810 2639 916 2695 Samos
930 2639 1049 2708 (Urvi),
1062 2637 1159 2694 Rhodi
1175 2637 1284 2706 (Auch.

61 2707 70 2718 '
88 2707 197 2782 lBourg
206 2713 236 2780 l),
249 2710 385 2782 smyrna
399 2711 474 2779 [Bal.
487 2728 549 2768 axs.
561 2711 609 2767 281
622 2712 679 2767 sub
691 2713 730 2767 A.
745 2707 929 2784 peregrinat),
946 2710 1044 2781 Lyciae
1058 2707 1172 2780 (Bourg
1182 2709 1212 2774 l).

59 2799 131 2860 l'alda
149 2807 249 2861 affinis
268 2807 305 2861 A.
318 2807 485 2880 pereprr'nce
498 2811 527 2862 et
538 2808 639 2862 forsan
656 2807 720 2879 ejus
737 2807 864 2862 varietas
877 2805 975 2876 magis
991 2804 1283 2873 tomentoso-lanata‚

30 2869 138 2930 bliorum
154 2877 274 2933 laciniae
284 2878 440 2962 pauciores
454 2879 611 2961 crassiores
619 2877 800 2962 'obtusiorea
808 2877 907 3003 galeae
920 2877 1044 2960 latiores
1059 2891 1151 2932 nervo
1163 2875 1282 2958 elegan-

28 2943 313 3074 loearvfffiassghema
334 2965 365 3004 rn
389 2949 529 3006 omnibus
548 2950 763 3021 speclmrnrbns
787 2964 805 3003 ο
829 2951 955 3004 sarvahs
980 2949 1087 3020 praeter
1108 2945 1282 3004 Urvllleana

53 3206 65 3236 *
80 3211 92 3238 ⁸
108 3209 122 3239 ‘
140 3213 272 3270 Achenia
279 3214 399 3284 (saltem
413 3215 554 3272 interiora
564 3217 754 3286 velexterna)
764 3215 855 3272 latere
869 3215 985 3271 interno
1000 3213 1132 3270 auricula
1145 3229 1247 3271 eorum

142 3285 299 3342 dimidiam
310 3286 528 3356 longitudinem
542 3292 678 3360 aequante
687 3287 736 3344 vel
749 3289 792 3343 eis
807 3287 977 3361 aquilonga
991 3288 1138 3358 superata.

58 3459 101 3523 bl.
124 3459 170 3528 Δ.
194 3457 531 3545 melampodlna
559 3460 653 3544 (Del.
681 3461 728 3526 lli.
757 3462 813 3544 Eg.
836 3479 866 3543 p.
888 3461 971 3539 851,
998 3461 1065 3526 tab.
1089 3461 1130 3525 hd
1144 3511 1152 3537 ‚
1167 3459 1220 3542 fig.
1240 3459 1284 3545 I.)

26 3545 159 3630 etpresse
175 3553 360 3616 tomentosa
379 3567 468 3629 cana,
488 3549 636 3617 caulibus
656 3573 675 3618 a
694 3552 776 3618 collo
798 3549 950 3634 pluribus
970 3549 1170 3616 abbreviatis
1185 3549 1285 3615 diffu-
1375 3620 1385 3631 ,

24 3631 60 3700 ds
74 3637 141 3718 plus
158 3639 270 3704 nunus
287 3639 438 3721 ramosis,
461 3639 546 3706 loliis
564 3641 675 3721 parvis
698 3641 821 3705 ambitu
854 3638 1132 3721 lineari-oblongis
1148 3640 1181 3703 iu
1203 3638 1283 3706 laci-

23 3724 79 3789 rirs
94 3726 212 3793 breves
229 3728 517 3812 lineari-oblongas
541 3734 748 3796 mucronalas
765 3729 931 3812 simplices
951 3728 1004 3794 vel
1022 3728 1150 3794 trihdas
1167 3727 1283 3810 pinua-

11 3809 165 3894 ipartitis.
185 3815 383 3900 pedunculis
400 3817 558 3884 brevibus
575 3835 641 3882 non
658 3817 861 3894 incrassatis,
880 3816 1033 3901 capitulis
1050 3815 1282 3898 mediocribus,

22 3899 161 3970 involucri
187 3903 432 3972 hirsuto-lanati
456 3907 577 3990 phyllis
601 3907 748 3974 externis
768 3906 914 3972 breviter
935 3905 1121 3972 lanceolatis
1139 3905 1283 3972 acutius·

24 3990 88 4056 tulis
102 3991 242 4060 internis
260 3992 407 4075 oblongis
422 3995 548 4062 obtusis
565 3995 655 4078 apice
672 3996 836 4076 semideis,
845 3995 1044 4079 receptaculi
1061 3994 1165 4062 conici
1179 3993 1281 4076 paleis

21 4075 147 4163 ablongis
168 4081 325 4149 carinatis
356 4083 495 4166 abrupte
523 4085 771 4168 munerantis,
799 4084 908 4166 ligulis
937 4085 1020 4151 albis
1049 4083 1200 4150 femineis
1219 4083 1282 4150 late

22 4168 107 4236 cvvlis
121 4170 212 4238 disco
230 4171 508 4255 sublongioribos‚
523 4174 602 4240 tubo
619 4173 830 4240 flosculorum
850 4172 1123 4256 globoso-inflato,
1136 4171 1280 4240 acheriis

24 4255 175 4326 turbinatis
190 4259 412 4328 exterioribus
432 4261 732 4346 subquadrangulis
752 4263 899 4329 obsolcte
916 4263 1133 4330 tuberculatis
1146 4261 1282 4329 interio-

22 4341 97 4410 nbus
115 4349 252 4415 laribus
282 4349 436 4414 omnibus
464 4350 645 4417 introrsum
668 4353 817 4418 auricula
842 4352 967 4418 laterali
998 4351 1136 4434 oblonga
1164 4350 1281 4418 obtusa

22 4433 134 4502 athenio
149 4437 335 4520 aequilonga
356 4439 406 4503 vel
423 4439 570 4522 longiore
587 4440 760 4507 instructis
784 4447 833 4519 Θ.

6 4594 8 4597 .
48 4539 113 4600 llab.
125 4548 155 4602 in
164 4547 291 4604 desertis
304 4547 424 4622 AEgypti
437 4549 475 4606 ad
485 4548 628 4606 Kahiram
638 4550 729 4621 (Del,
740 4551 834 4608 Wiest
844 4550 911 4608 552!
925 4550 981 4623 Ky.
994 4552 1084 4624 4071),
1098 4553 1176 4610 inter
1188 4553 1280 4612 Kahi·
