3008 5164
206 379 261 438 636
755 397 942 442 caurosrrm.
1310 376 1469 436 Centauro.

211 503 324 571 tudine
354 505 459 589 phytti
490 505 654 588 longiores
682 506 803 592 partito
835 507 971 586 obsitis,
1006 505 1154 573 flosculis
1183 505 1315 570 intensa
1348 502 1473 568 cerutus

210 593 427 673 radiantibus,
447 595 592 661 acheriis
609 596 743 662 birtulis
760 597 861 664 calvis
877 597 943 663 bilo
960 596 1056 662 valde
1076 595 1214 661 barbato
1234 599 1284 672 Θ.

245 705 321 762 Hah.
335 705 367 760 in
385 705 472 762 cultis
489 705 636 763 derelictis
654 708 750 765 Gariae
764 709 887 779 (Pinard
894 711 921 780 Ι),
936 707 1077 780 Pbrygiae
1096 705 1135 762 ad
1150 702 1389 776 Kaiagbeuldera
1402 715 1474 775 propa

209 776 334 834 Oucbak
347 777 451 848 (Ball).
466 777 509 834 ΡΙ.
521 777 590 834 Mai.

244 871 354 928 Gaulos
367 872 597 945 3-lipollicares,
611 874 682 931 folia
698 875 915 948 l-bpollicaria
925 875 976 930 3·5
987 875 1082 930 lineas
1098 873 1168 928 lata.
1190 870 1317 928 Achenii
1335 868 1409 926 calvi
1422 867 1476 922 cba-

209 947 319 1000 recture
333 944 371 999 ad
385 942 415 1000 C.
433 945 611 1070 agancidem
622 947 764 1002 accedens
778 947 831 1004 sed
846 946 987 1003 caulibus
1000 943 1133 1019 pumilis,
1146 944 1228 1000 foliis
1244 942 1381 1014 angustis
1392 942 1477 1020 ubba·

209 1015 320 1071 tiseetis
334 1029 394 1070 non
408 1031 444 1072 su
467 1016 650 1086 aramculatis,
665 1018 805 1092 capitulis
821 1017 999 1086 minoribus,
1012 1015 1188 1090 phyllorum
1205 1013 1335 1071 fimbriis
1352 1011 1478 1081 elongato

209 1091 238 1144 et
250 1085 375 1142 acbenio
388 1088 561 1158 angustiore
575 1087 700 1145 dimidio
713 1091 828 1146 minore
838 1089 948 1146 aliena.

741 1257 756 1288 *
775 1258 791 1288 ¹
810 1259 967 1317 Perennae.

255 1411 307 1472 ab.
333 1408 374 1477 C.
395 1407 602 1476 axillarls
624 1410 754 1494 (Willd.
780 1410 835 1496 Sp.
865 1409 925 1490 ΙΙΙ,
951 1430 981 1495 p.
1006 1408 1109 1494 abac)
1133 1406 1300 1490 pmenois,
1319 1387 1503 1482 [Ιίιοωαῑεξ

211 1514 343 1564 ramoso
363 1499 510 1564 stolones
528 1499 640 1566 rosula
661 1499 791 1565 taudem
809 1501 1003 1567 terminatos
1022 1499 1151 1576 edente,
1170 1493 1323 1562 caulibus
1342 1491 1480 1559 crosulu

212 1586 386 1652 emarcidae
410 1591 523 1653 centro
545 1589 664 1654 erectis
688 1589 764 1672 plus
790 1590 899 1656 miuus
928 1589 1024 1656 alatis
1051 1605 1148 1654 mono
1174 1583 1228 1652 vel
1255 1581 1481 1666 oligocepbalis,

212 1674 296 1742 loliis
316 1674 411 1757 longe.
427 1676 477 1742 vel
497 1677 645 1743 breviter
661 1677 917 1746 decurrentibus
933 1677 1082 1760 oblongis
1096 1673 1285 1740 lanceolalis
1298 1672 1354 1739 vel
1366 1669 1481 1737 lineari·

214 1765 403 1831 lanceolatis
424 1765 561 1848 integris
580 1767 633 1832 vel
654 1765 795 1834 dentatis
816 1765 1099 1850 pinnatiudisque
1120 1762 1272 1847 capitulis
1296 1759 1482 1845 majusculis,

212 1854 376 1934 involucri
401 1853 507 1936 glabri
534 1853 653 1938 phyllis
676 1854 782 1922 cratis
806 1862 840 1922 et
862 1856 1012 1938 oblongis
1036 1854 1166 1921 obtusis
1184 1852 1278 1917 lusco
1303 1851 1357 1916 vel
1380 1848 1481 1932 pallide

213 1942 405 2024 marginatis
420 1943 561 2008 fimbriis
579 1944 732 2010 scariosis
749 1943 831 2011 albis
848 1945 901 2010 vel
917 1944 1022 2027 nigris
1035 1943 1183 2024 margine
1200 1942 1274 2026 ipsc
1286 1937 1482 2020 longioribus

213 2031 360 2098 flosculis
377 2031 614 2115 marginalibus
631 2031 726 2098 valde
743 2033 959 2116 radiantibus,
975 2033 1074 2120 pappi
1087 2031 1174 2096 serie
1191 2027 1391 2096 intermedia
1405 2024 1484 2091 arba

211 2121 265 2187 oio
285 2121 411 2204 biolo
428 2119 583 2188 breviore
610 2131 655 2196 tl.
1212 2169 1232 2214 0

247 2228 364 2303 Species
383 2247 402 2286 a
419 2229 449 2287 C.
468 2227 616 2288 nwntcud
630 2231 757 2288 fimbriis
774 2232 949 2305 phyllorum
966 2229 1061 2304 du'plo
1078 2229 1266 2300 longioribus
1283 2231 1399 2284 motum
1414 2229 1481 2281 etan

214 2302 287 2356 satis
312 2301 470 2358 distincta?
489 2306 611 2370 statura,
630 2303 771 2360 foliorum
790 2304 927 2375 angustie
940 2307 969 2359 ct
989 2302 1185 2370 decurrentia
1200 2301 1309 2356 borum
1322 2298 1426 2363 colore,
1441 2301 1484 2353 ata

212 2372 287 2428 mire
299 2374 427 2430 varians.
442 2375 559 2430 Nomen
572 2373 848 2432 Willdeoovianum
862 2375 976 2432 caeteris
990 2373 1144 2446 aanuius
1157 2375 1202 2428 est
1213 2370 1268 2427 sed
1281 2370 1383 2429 miuus
1395 2371 1484 2452 aptum

211 2459 282 2498 nam
296 2443 396 2500 caules
410 2445 521 2518 sapius
534 2445 744 2518 monocephali
764 2449 841 2503 sunt.
856 2445 973 2502 Formae
989 2445 1037 2502 bic
1054 2447 1235 2501 enumeratae
1250 2442 1396 2498 transitus
1410 2453 1483 2494 mnu·

212 2529 309 2571 meros
323 2515 465 2588 praebent.

257 2643 287 2681 α.
307 2631 440 2697 cgcoeu.
461 2651 506 2662 -
526 2615 655 2682 Virens.
679 2614 795 2683 Gaules
815 2617 981 2697 elatiores,
1001 2617 1076 2683 solia
1102 2615 1166 2680 late
1197 2613 1338 2694 oblonga
1358 2613 1409 2680 vel
1429 2611 1486 2676 lan·

211 2703 333 2770 ceuluta
355 2704 420 2769 late
438 2725 455 2770 a
472 2705 548 2771 lolio
566 2704 607 2769 ad
626 2705 740 2771 lolium
759 2705 984 2786 decurrentia,
1000 2707 1100 2772 llores
1118 2703 1250 2770 caerulei
1266 2703 1320 2769 vel
1336 2702 1432 2768 rosei.
1450 2731 1484 2746 -

214 2791 246 2858 0.
260 2791 377 2856 stricta
393 2792 445 2857 W.
461 2795 501 2858 Κ.
522 2793 587 2858 tab.
610 2796 672 2859 tta
690 2799 722 2860 et
741 2793 775 2860 Ο.
795 2793 904 2859 mollia
920 2793 972 2860 W.
990 2795 1029 2860 K.
1047 2793 1111 2860 tab.
1133 2793 1206 2858 ata.
1229 2827 1271 2839 -
1300 2791 1332 2858 C.
1350 2783 1486 2857 icterico·

211 2883 263 2948 W.
285 2881 403 2948 Eoum.
422 2881 536 2968 Suppl.
558 2900 589 2966 p.
605 2884 658 2949 61.

246 2991 321 3048 Hab.
336 2992 366 3047 in
387 2993 507 3074 regione
522 2991 683 3120 ⁸¹lh⁹lgi¹¹²³
700 2991 884 3078 ltacedoniae
902 2992 986 3063 (Friv
993 2997 1022 3063 Ι),
1040 2992 1127 3049 Ponti
1140 2991 1238 3048 Laziei
1250 2993 1289 3048 ad
1301 2989 1406 3064 Djimil
1416 2985 1486 3045 root

211 3061 315 3132 (Ball),
330 3064 449 3120 Taurica
461 3069 489 3119 et
501 3066 593 3120 totius
632 3079 732 3120 aucasr
748 3063 846 3136 (ΜΒ,
858 3064 978 3138 Ruprl).

257 3175 291 3258 β.
316 3175 519 3242 ocbrolaucu.
540 3177 726 3244 -Eadem
748 3177 806 3244 sed
831 3175 960 3246 flosculi
984 3177 1084 3243 albidi
1109 3175 1162 3244 rel
1180 3174 1374 3242 ocbroleuci.
1400 3169 1485 3234 -d

213 3263 408 3330 ocbrolcucc
420 3265 534 3332 Willd.
551 3265 605 3352 Sp.
616 3286 647 3349 o.
665 3267 750 3333 tuac
762 3304 803 3312 -
815 3265 895 3332 M.B.
910 3264 1074 3333 Centtob.
1085 3267 1169 3333 lbet
1183 3263 1214 3330 C.
1225 3257 1489 3342 claircutbifoiia

214 3353 265 3418 W.
287 3355 358 3420 eod.
379 3355 436 3421 loc.
459 3354 608 3422 Varietas
629 3355 714 3422 loliis
730 3355 990 3438 angustioribus.

248 3463 324 3518 Hab.
341 3465 372 3519 in
384 3465 528 3522 Armenia
539 3466 676 3537 (Willd.),
697 3465 830 3521 Caucaso
849 3463 982 3528 centrali,
999 3464 1136 3522 orientali
1149 3467 1178 3520 et
1194 3463 1323 3534 Georgia
1339 3457 1490 3516 muana

213 3533 317 3605 (Hohl,
329 3534 412 3608 Rupr
422 3539 450 3606 t),
466 3553 551 3610 prov.
566 3535 729 3610 Karabagh
743 3536 866 3608 (Szovl).

257 3677 288 3735 y.
312 3651 429 3714 cirula.
454 3684 495 3695 -
516 3649 705 3729 virescens,
729 3650 804 3717 iulia
831 3651 971 3732 auguste
996 3647 1177 3713 lanceolata
1205 3647 1256 3711 rel
1284 3644 1419 3712 linearia
1449 3670 1451 3677 v
1490 3716 1496 3731 s

213 3735 432 3804 decurrentia.
451 3775 496 3787 -
521 3738 552 3808 C.
573 3741 686 3804 atrato
703 3739 756 3804 W.
778 3739 837 3806 loc.
858 3739 909 3804 uit.
930 3757 961 3820 p.
983 3737 1070 3802 abab
1089 3740 1122 3802 et
1140 3733 1245 3802 herb!
1265 3772 1307 3782 -
1332 3731 1360 3800 G.
1385 3731 1421 3798 H

212 3824 319 3892 Boiss.
337 3827 453 3910 Diagn.
473 3827 543 3894 Ser.
566 3827 606 3907 ΙΙ,
623 3828 654 3905 3,
672 3829 724 3892 69.
740 3864 780 3874 -
801 3827 832 3893 C.
845 3825 1023 3910 cgunoidcs
1035 3845 1096 3892 oa.
1115 3823 1229 3892 Prodrr
1250 3825 1295 3890 Vl
1312 3840 1377 3888 uun
1391 3811 1488 3902 Bergi

248 3935 323 3992 Hab.
341 3937 372 3991 in
387 3937 529 3993 Armenia
542 3935 687 4007 (Willdl)‚
704 3939 735 3992 in
753 3941 854 3994 monta
872 3935 1036 4009 Tecbdagb
1047 3935 1222 3992 wod-acub
1241 3935 1367 4006 (Huetl),
1381 3931 1488 4004 Cappa·

212 4007 298 4064 decia
312 4007 544 4078 (cruentabat).

255 4117 283 4186 δ.
305 4135 398 4182 curari.
418 4153 462 4167 -
482 4115 579 4197 Cana,
599 4119 709 4184 caules
729 4117 851 4201 saepius
867 4119 984 4203 pumili
1006 4121 1021 4184 1
1042 4119 1155 4184 rarius
1176 4115 1385 4200 bit-cephali.
1405 4111 1486 4178 Folia

211 4209 338 4290 integra
369 4208 422 4272 vel
450 4206 641 4290 subintegra
667 4206 789 4291 saepius
815 4211 965 4289 angusta,
989 4213 1128 4290 auguste
1152 4213 1187 4273 et
1211 4207 1355 4273 breviter
1380 4203 1490 4269 decur-

210 4296 328 4376 rentia,
346 4295 474 4362 flosculi
491 4294 718 4362 cerulei-C.
739 4313 825 4361 cono
843 4295 911 4364 Sm.
929 4294 1045 4362 Prodr.
1063 4295 1105 4372 ΙΙ,
1126 4315 1155 4380 p.
1181 4298 1255 4363 198.
1273 4327 1316 4346 -
1334 4290 1368 4358 G.
1388 4305 1487 4356 acute

209 4383 328 4467 paulu
346 4384 452 4451 Boias.
469 4384 582 4468 Diagu.
601 4383 672 4452 Ser.
691 4383 733 4464 ΙΙ,
749 4387 779 4465 3,
796 4405 826 4469 p.
843 4387 886 4451 68
904 4385 1009 4452 forma
1026 4385 1145 4451 elatior
1159 4385 1201 4450 ad
1214 4391 1325 4470 typam
1340 4393 1487 4465 uergebat¹

204 4497 254 4522 ¹-
276 4471 307 4538 d.
328 4471 492 4554 liugulutu
508 4474 642 4557 Lagaac.
661 4511 702 4522 -
720 4473 751 4540 Ο.
768 4473 920 4540 &aroana
935 4473 1008 4540 Vill.

250 4582 326 4676 Hab.
346 4584 480 4640 omnium
501 4583 665 4641 formarum
687 4585 929 4658 frequentissima
948 4585 980 4640 in
1000 4583 1129 4657 Alpibus
1147 4586 1240 4642 totius
1258 4581 1384 4640 Orientis
1402 4575 1487 4636 acub·
