3108 5168
195 349 232 405 70
752 363 921 405 normann.
1341 347 1498 406 Gadium.

232 468 339 524 Cautes
356 468 551 552 bipedales·²
571 467 643 524 folia
662 468 838 525 intermedia
853 469 913 526 fere
933 469 1104 542 pollicarfa3
1123 469 1241 541 insigne
1261 468 1361 524 fructu
1382 467 1501 540 pisum

197 547 335 612 aequanle
355 545 385 595 et
397 555 553 612 pancarpu
566 545 680 596 natura.

242 715 295 779 61.
320 712 366 782 G.
392 711 633 782 adhaerens
660 713 783 798 (Boias.
808 718 841 780 el
867 715 936 780 Bal.
958 713 1074 796 Diagn.
1098 713 1169 780 Ser.
1194 713 1244 793 II,
1276 717 1311 796 5,
1339 733 1373 798 p.
1408 711 1501 798 106)

196 823 344 870 annuum
365 803 513 870 caulibus
532 803 690 886 elongatis
707 803 851 869 flaccidis
873 803 1107 870 scandentibus
1134 805 1245 886 patule
1270 803 1410 869 birtulis
1433 803 1497 867 vel

196 893 395 971 aculeolalis
423 892 509 957 foliis
534 893 682 958 8-lll-nis
708 897 895 960 retrorsum
925 891 1136 958 scaberrimis
1166 892 1292 958 infimis
1324 891 1500 974 oblongo-

197 982 394 1064 spatbulalis
410 981 536 1046 caeteris
553 980 929 1048 lanceolata-linearibus
950 981 1044 1062 longe
1055 982 1269 1062 moecenatis,
1282 979 1500 1064 pedunculis

197 1087 238 1135 ex
264 1069 369 1135 axillis
389 1069 618 1152 superioribus
641 1069 941 1154 terminalibusqre
956 1069 1114 1151 elongatis
1140 1070 1331 1136 multifloris
1352 1069 1500 1152 pluries

198 1159 403 1224 divaricalim
429 1157 634 1224 triobotomis
658 1157 843 1242 paniculum
870 1160 1053 1240 elongatam
1077 1157 1311 1238 formantibus,
1341 1158 1500 1224 floribus

196 1248 482 1330 hermaphroditis,
505 1247 636 1312 corollae
656 1247 737 1312 albae
754 1245 837 1312 lobis
863 1246 1051 1313 lanceolatis
1075 1247 1171 1328 longe
1194 1245 1502 1313 caudato-acumi-

197 1336 300 1417 natis,
322 1335 489 1418 pedicellis
514 1335 693 1402 fructiferis
714 1338 865 1402 recurvis
887 1337 997 1414 fructu
1017 1335 1144 1401 minuto
1161 1337 1289 1402 minute
1306 1335 1500 1418 granulato

197 1425 253 1488 vix
272 1424 475 1508 longioribus
494 1431 543 1502 Θ.

232 1533 309 1589 Hah.
326 1534 357 1588 in
371 1535 492 1606 sepibus
508 1535 623 1590 Ciliciae
642 1534 781 1590 littoralis
799 1534 837 1590 ad
850 1534 981 1592 Merslna
997 1534 1074 1602 (Bal.
1092 1533 1182 1603 5911),
1194 1533 1225 1588 in
1237 1534 1350 1590 ditione
1364 1533 1503 1590 Kassan

197 1604 274 1676 Oglu
297 1621 349 1677 pro
372 1607 552 1661 eGorumse
572 1606 611 1674 (K
638 1605 697 1662 .Su
723 1607 762 1678 pl.
775 1607 866 1676 271¹),
886 1607 963 1662 circa
981 1605 1096 1677 Aleppo
1119 1608 1148 1660 et
1170 1607 1201 1659 in
1220 1605 1357 1662 dumosis
1370 1605 1501 1660 montis

196 1676 316 1746 Sindjar
338 1622 558 1747 bYesopolamiae
582 1693 590 1746 l
624 1623 759 1747 aussffl),
784 1678 815 1732 in
847 1677 993 1749 quercetis
1023 1677 1134 1732 montis
1159 1676 1210 1732 Pir
1236 1677 1329 1732 Omar
1354 1676 1502 1732 Gudrun

197 1748 328 1817 Assyriae
339 1748 473 1815 (Haussk
482 1751 511 1817 l),
529 1749 606 1804 inter
618 1747 733 1820 Tripoli
745 1751 774 1804 et
790 1748 888 1802 llama
900 1753 929 1804 el
941 1749 972 1802 in
987 1747 1066 1803 valle
1079 1747 1221 1802 Kanobin
1234 1747 1343 1804 Libani
1356 1747 1413 1817 (Bl
1423 1751 1458 1818 l).

232 1857 339 1912 Planta
352 1857 537 1930 1-2·pedalis
557 1857 628 1913 folia
641 1859 815 1914 intermedia
827 1859 887 1914 fere
901 1857 1063 1931 pollicaria,
1081 1859 1195 1913 fructus
1209 1873 1308 1929 magn.
1332 1858 1368 1916 G.
1383 1861 1504 1933 spaan'a'

196 1927 245 1982 vel
265 1929 372 1984 minor.
399 1929 478 1984 Inter
496 1929 598 1985 affines
620 1929 738 1985 corollae
757 1929 835 1985 lobls
857 1929 990 1985 caudatis
1013 1929 1138 2000 insigne.
1157 1928 1192 1986 G.
1211 1931 1382 1986 caudatam
1403 1933 1499 2004 quod

196 2000 300 2054 eodem
319 1999 468 2056 cbaraclre
482 2001 591 2070 gaudet
606 1999 656 2056 lon
680 2017 695 2055 e
711 2000 808 2056 diflert
822 2001 960 2057 caulibus
978 2015 1037 2058 non
1056 2001 1268 2056 scandentibus
1283 2003 1499 2074 corymbosis,

196 2070 330 2197 Periba?c
331 2071 420 2143 triplo
434 2072 606 2142 majoribus,
621 2017 773 2144 pedicellis
786 2071 944 2128 fructiferis
958 2073 1131 2128 incrassatis
1151 2073 1248 2140 rectia,
1266 2072 1365 2128 fructu
1379 2074 1500 2146 spinu-

209 2157 302 2209 0s0,e
332 2185 337 2197 .

684 2310 699 2338 ⁸
718 2309 733 2338 ¹
752 2309 856 2366 Erecta
874 2310 996 2384 pumila.

241 2462 294 2526 oa.
319 2461 365 2527 G.
385 2461 684 2527 Menaechimii
700 2460 820 2546 (Boiss.
836 2465 870 2527 et
887 2460 1000 2526 lleldr.
1017 2459 1132 2542 Diagn.
1147 2462 1218 2526 Ser.
1238 2462 1270 2542 Ι,
1294 2463 1306 2525 l
1313 2463 1345 2543 0,
1367 2483 1402 2546 p.
1425 2466 1498 2552 67)

196 2551 347 2634 glabrum
365 2551 446 2615 collo
471 2551 592 2634 saepius
613 2549 813 2634 pluricaule,
835 2549 981 2617 caulibus
1001 2549 1134 2634 pmnilis
1160 2550 1303 2616 tenuiter
1321 2551 1501 2628 filiformi·

195 2639 258 2706 bus
281 2639 432 2722 rigidulis
453 2639 523 2705 basi
540 2637 793 2705 ascendentibus
813 2640 865 2705 vel
886 2639 1033 2706 infractis
1049 2639 1188 2705 levibus
1205 2640 1259 2704 vel
1283 2639 1323 2704 ad
1342 2642 1498 2724 angulos

195 2729 388 2812 parcissime
412 2728 617 2809 acraleolatis,
644 2727 729 2794 foliis
752 2729 889 2794 nainulis
907 2728 996 2794 senis
1020 2727 1124 2794 ovalis
1156 2731 1190 2793 ct
1216 2728 1498 2813 ovato-oblongis

196 2822 353 2901 utrinque
381 2818 558 2883 attenuatis
588 2816 782 2882 ocuminatis
816 2816 963 2900 margine
1000 2819 1191 2882 antrorsum
1229 2817 1394 2884 scabridis
1431 2823 1495 2886 vel

195 2905 343 2987 levibus,
366 2906 560 2988 pedunculis
580 2922 620 2970 ex
639 2905 747 2970 axillis
764 2904 992 2988 superioribus
1010 2903 1308 2989 terminalibusque
1325 2905 1499 2989 rigidulis

193 2994 332 3060 trilloris
351 2995 428 3060 folia
445 2995 594 3060 axillaria
607 2993 735 3076 blf-plo
748 2992 994 3078 superantibus
1007 2991 1129 3058 corolla
1141 2992 1269 3058 minuta
1281 2993 1496 3078 albo-rosea,

194 3083 364 3166 pedicellis
381 3083 591 3167 capillaribus
602 3083 717 3166 rigidis
733 3082 831 3148 rectis
844 3083 955 3148 fructu
972 3079 1088 3147 setulis
1106 3081 1336 3149 subuncinatis
1349 3083 1496 3168 hispido

195 3171 398 3253 longioribus
422 3179 471 3249 Θ.
496 3173 539 3238 Ic.
560 3171 679 3238 Raulin
695 3171 859 3256 Descript.
876 3169 962 3237 Cret.
978 3169 1043 3236 tab.
1070 3171 1117 3236 lt.

231 3293 308 3350 Hab.
325 3296 356 3350 in
374 3294 518 3367 lapidosis
533 3294 644 3349 montis
657 3293 785 3348 Lazzaro
805 3307 889 3364 prov.
904 3291 1012 3348 Lasslti
1030 3295 1124 3349 Crelae
1141 3292 1314 3350 looo'booo
1328 3292 1446 3362 (Heldr
1456 3298 1493 3368 t),

73 3425 75 3430 ,
195 3366 232 3422 ad
247 3366 407 3494 Aslgpbos
420 3366 569 3421 montium
583 3363 836 3436 Spbacioticorutn
851 3361 974 3432 (Raulin
985 3366 1014 3432 l),
1033 3363 1064 3419 fn
1078 3364 1184 3421 Atticae
1200 3364 1319 3420 saxosis
1336 3365 1497 3426 Pentelici

194 3437 288 3492 llbo‘-
344 3437 377 3501 ll',
406 3437 433 3491 H
458 3437 539 3492 metti
570 3435 775 3490 meridionalis
800 3439 829 3488 el
854 3434 964 3490 montis
989 3435 1189 3492 Mavrovouni
1214 3435 1323 3492 insulae
1348 3435 1495 3496 Salamis

210 3507 336 3576 Heldrl).
356 3507 391 3564 Fl
418 3512 488 3580 Apr.
502 3505 570 3563 ldai.

231 3605 340 3661 Caules
353 3604 583 3676 bbpollicares
597 3600 669 3656 folia
681 3599 824 3672 majoma
838 3599 934 3656 llneas
946 3601 1045 3672 longa,
1063 3602 1176 3657 fructus
1190 3601 1314 3672 magnit
1336 3599 1371 3658 G.
1386 3605 1496 3684 apul-ia

194 3691 254 3732 var.
265 3677 386 3734 teneda
398 3690 458 3748 quo
468 3674 566 3730 differt
575 3672 711 3728 caulibus
720 3671 905 3727 brevissimis
916 3672 1052 3743 rigidulis
1063 3687 1116 3728 nec
1126 3672 1257 3727 flaccidis
1269 3673 1329 3727 fere
1339 3671 1495 3744 laavrbus¹

192 3747 271 3802 foliis
285 3750 385 3832 parvis
400 3749 571 3802 antrorsum
586 3759 639 3798 nec
656 3749 815 3798 retrorsum
831 3743 944 3799 scabris
965 3743 1014 3800 vel
1035 3743 1173 3810 levibus,
1187 3743 1410 3799 inflorescenlid
1426 3751 1494 3801 ter-

194 3817 489 3890 rnina11,pedunculis
498 3814 711 3888 pedicellisquc
721 3813 856 3884 rigidulis
866 3813 1012 3884 elongatis
1020 3813 1226 3870 strictiusculls
1235 3829 1289 3870 nec
1298 3814 1494 3874 divaricatis.

241 3993 292 4058 aa.
318 3990 365 4057 G.
387 3987 606 4055 ibtoinum
641 3985 762 4072 (Boiss.
791 3991 823 4054 et
846 3984 1003 4070 Haussk.)
1029 3985 1180 4069 glabrum
1208 4008 1227 4053 a
1254 3987 1336 4055 collo
1357 3991 1493 4074 saepiam

193 4080 387 4163 plurieaule‚
408 4077 557 4143 caulibus
574 4076 710 4158 pumilis
725 4077 795 4142 fere
807 4096 826 4142 a
837 4074 909 4140 basi
926 4075 1132 4142 divarioalirn
1148 4075 1343 4143 dichotomis
1360 4081 1493 4147 erectis

193 4167 347 4250 rigidulis
363 4171 550 4232 retrorsum
566 4163 763 4240 aculeolalis,
793 4165 878 4230 foliis
903 4161 993 4230 senis
1022 4163 1163 4231 obverse
1190 4165 1381 4232 lanceolatis
1412 4166 1491 4234 basi

194 4257 291 4338 longe
310 4253 488 4323 attenuatis
504 4253 644 4337 abrupte
660 4253 860 4319 mucronatis
874 4251 986 4337 patule
1003 4251 1205 4332 acclamatis,
1223 4254 1426 4337 pedunculis
1445 4274 1493 4323 en

195 4345 400 4412 diclaotomiis
413 4341 709 4425 terminalibusque
723 4340 869 4407 tenuiter
889 4339 1096 4407 filiformibus
1112 4337 1264 4422 rigidulis
1286 4341 1388 4409 rectis
1409 4346 1495 4412 uni-

194 4435 287 4502 tloris
306 4435 416 4500 fructu
433 4431 600 4498 multoties
620 4429 836 4512 longioribus,
868 4429 989 4496 corolla
1006 4429 1081 4496 alba
1098 4429 1246 4512 minima,
1266 4429 1378 4496 fructu
1400 4435 1496 4500 setis

194 4523 359 4590 uncinatis
387 4523 489 4588 dense
513 4519 642 4604 hispido
670 4523 720 4596 Θ.
