3008 5164
15 316 20 325 Ι
41 331 204 394 Carum
579 355 764 398 coueosrum.
1258 341 1310 398 651

5 515 7 554 r
76 459 107 541 β.
124 458 324 542 draconino.
340 497 383 511 -
395 463 564 531 involucri
577 466 683 549 spinae
695 463 894 531 abbreviata
909 465 1127 531 rectiuscutae.
1143 501 1185 512 -
1198 463 1229 530 d.
1244 464 1312 545 spi·

38 565 113 614 noso
130 547 261 616 Grieeb.
284 550 368 636 Spic.
387 571 452 618 non
472 552 509 618 L.

67 657 139 714 Hah.
152 660 184 714 in
197 659 369 717 Macedonia
383 661 500 733 (Frivt),
513 679 604 736 supra
616 663 739 720 Vodena
749 664 845 737 (Orph
851 667 880 735 1),
890 663 1002 720 Tauria
1012 663 1108 734 (Μ.Β.,
1117 663 1313 737 S¹·Superyt),

37 727 146 785 inians
157 729 265 804 Κιινα]Ι
273 731 351 788 dicta
362 733 509 806 pabulum
523 737 648 792 ovinum
660 735 831 807 hybernum
844 736 965 808 praebet.

67 825 168 881 Affinis
185 825 214 882 C.
230 827 358 900 cupere
372 845 434 886 var.
449 847 629 904 squarrosos,
649 831 755 904 phylla
773 832 803 886 in
825 833 929 904 spinas
949 830 1110 886 validiores
1129 829 1312 886 lanceolatas

35 893 177 979 longiores
187 897 264 954 ciliis
274 900 474 958 validioribus
484 901 649 975 sptnulosis
661 903 827 958 intertextis
840 902 989 958 abeuntia.
1004 902 1033 959 C.
1048 903 1217 975 porviflora
1230 901 1311 958 Dest.

33 967 167 1024 Atrrcane
179 969 278 1026 differt
290 971 453 1029 rhizomete
466 978 500 1030 ut
519 973 639 1030 videtur
651 975 783 1047 perenni,
792 974 929 1030 caulibus
943 975 1061 1046 parcius
1073 975 1209 1043 ramosis,
1222 972 1310 1045 phyt-

31 1035 124 1094 lorum
137 1041 232 1112 spinis
247 1042 389 1099 brevibus
403 1046 553 1100 uncinatis
565 1046 702 1117 cittisque
719 1045 871 1114 brevibus,
885 1045 1017 1101 echeniis
1031 1047 1182 1119 pepposis.

4 1199 6 1204 .
63 1134 112 1190 tr.
129 1136 228 1206 tieogr.
247 1137 356 1194 Bossia
366 1139 519 1196 australis.

73 1335 126 1398 19.
149 1331 190 1400 C.
215 1333 476 1422 mierotepts
503 1337 621 1422 (Boiss
643 1339 678 1403 in
699 1335 817 1420 Bourg.
841 1336 889 1402 Pl.
915 1337 1022 1420 Lyciae
1048 1333 1147 1421 1860)
1167 1355 1185 1401 e
1204 1335 1310 1402 rhizo·

27 1427 112 1489 mate
130 1422 283 1489 indurato
299 1425 506 1510 plumescitis
524 1426 673 1492 caulibus
690 1426 874 1492 virentibus
889 1425 1034 1492 tenuiter
1053 1425 1189 1507 virgatis
1205 1445 1222 1490 a
1241 1426 1309 1493 basi

3 1512 140 1580 stricte
166 1513 402 1580 ramosissimis
429 1516 501 1581 taxe
529 1514 939 1598 panicutato·corymbosis
961 1513 1196 1598 polycephalis,
1224 1514 1310 1581 loliis

3 1601 192 1686 punctalis
216 1603 366 1684 angustis
395 1603 595 1671 radientibus
620 1603 709 1670 canis
737 1604 901 1687 petiotatis
926 1603 1311 1688 lyrein-pinnatipartitis

2 1712 4 1744 1
24 1687 153 1755 laciniis
171 1690 363 1759 lateralibus
384 1694 441 1757 aa
464 1698 602 1776 anguste
622 1693 803 1760 linearibus
819 1693 984 1759 terminati
1002 1697 1139 1774 anguste
1157 1693 1313 1773 oblongo·

2 1777 221 1872 *lanceolata
255 1779 342 1847 loliis
376 1781 514 1848 caulinis
546 1780 831 1865 glabrescentibus
864 1781 1080 1848 interioribus
1110 1781 1143 1845 in
1177 1781 1312 1847 lacinias

2 1873 148 1952 'pancas
179 1874 318 1951 anguste
344 1870 682 1937 lanceolata-lineares
711 1871 939 1956 pinnatisectis
967 1871 1094 1937 caeteris
1124 1875 1156 1935 et
1190 1871 1312 1936 romeis

2 1948 208 2022 Vtinearibns
241 1957 416 2035 indivisis,
452 1959 604 2043 capitulis
639 1959 796 2026 solitariis
834 1959 1037 2042 pedtoetlatis
1076 1959 1312 2040 angustissime

2 2045 372 2128 colongocynncrnis
392 2049 594 2134 paucidoriS,
613 2048 775 2115 involucri
793 2048 896 2132 glabri
914 2047 1036 2132 phyllis
1049 2047 1216 2131 adpressts
1233 2048 1313 2113 sub-

14 2135 276 2202 athamantis
297 2141 331 2203 et
351 2137 500 2221 oblongis
520 2137 648 2204 obtusis
669 2138 800 2204 muticis
822 2137 1014 2203 membrana
1037 2137 1169 2220 hyalind
1193 2136 1312 2203 decur-

12 2225 110 2290 renti
129 2241 276 2307 superne
294 2226 328 2291 in
349 2227 422 2292 cilia
439 2226 637 2293 brevissima
653 2227 829 2293 lanceolata
850 2227 929 2293 tissi
942 2227 1145 2308 marginatis,
1163 2225 1312 2292 flosculis

1 2313 132 2379 {roseis
147 2315 204 2379 vix
222 2315 441 2396 radiantibus,
463 2334 568 2399 pappo
584 2315 810 2401 (aaneniorun
826 2316 1010 2398 juniorum)
1028 2317 1177 2397 elongato
1201 2325 1247 2389 tc.

1 2494 2 2504 ἵ
56 2424 138 2481 Hel).
152 2427 183 2480 in
198 2441 288 2498 rupes
300 2426 425 2483 collium
438 2443 531 2500 prope
543 2427 662 2483 Etmalu
677 2425 777 2498 Lyciae
792 2427 905 2498 (Boorg
913 2429 940 2497 1).
957 2427 999 2482 Fl.
1014 2427 1084 2483 Jun.

1 2517 3 2588 1
53 2519 213 2593 Bipedalis
227 2522 434 2578 carnosissimo
444 2522 554 2588 stricta,
569 2521 642 2578 tolia
656 2520 801 2576 radicalia
812 2520 861 2577 2·2
871 2520 1076 2648 ¹l2-polticaria
1089 2525 1242 2591 segmento
1257 2523 1314 2577 ter·

1 2591 909 2673 tmimifiss'ss1³⁰⁰ss¹⁰⁰ss⁰r⁰⁸pit¹¹¹⁸5f7ss⁰mri⁰V⁰¹⁰⁰f⁰m
952 2592 1049 2648 lineas
1063 2591 1197 2663 longum.
1210 2592 1314 2648 Facies

1 2659 49 2736 30.
64 2669 206 2736 mrpatoe‚
220 2663 260 2720 ab
272 2668 307 2720 ea
319 2667 349 2720 et
360 2663 501 2720 affinibus
514 2664 629 2736 phyllis
643 2663 760 2719 obtusis
773 2664 893 2719 muticis
907 2663 1054 2720 distincte.

62 2861 123 2926 80.
143 2860 187 2928 C.
206 2859 393 2945 virgata
412 2831 516 2946 (fiam.
535 2859 619 2926 Dici.
637 2857 662 2941 1,
680 2877 711 2943 p.
730 2857 810 2943 610)
823 2858 983 2941 adpresse
999 2857 1185 2943 pubescens
1203 2873 1315 2921 canes-

10 2967 103 3014 cens
124 2950 176 3014 vel
197 2950 378 3026 virescens,
401 2949 550 3015 cautibus
569 2948 688 3016 erectis
711 2948 874 3030 angulatis
897 2948 1011 3031 rigidis
1030 2947 1187 3012 tenuibus
1206 2965 1223 3009 a
1242 2943 1314 3010 basi

1 3039 71 3106 ‘vet
93 3054 243 3121 superne
260 3038 442 3121 composite
461 3039 658 3123 paniculatis
677 3039 779 3103 ramis
804 3036 1059 3120 erecto-patulis,
1082 3035 1167 3101 toliis
1189 3033 1316 3100 radica·

6 3125 113 3195 libus
131 3127 298 3210 petiotatis
318 3127 442 3210 saepius
461 3127 619 3211 adpresse
636 3131 672 3230 et
686 3126 836 3229 tenuiter
850 3125 939 3192 cenis
960 3126 992 3190 in
1013 3125 1152 3225 lacinias¹
1168 3123 1313 3190 lineares

1 3211 1315 3388 5¹‘restittit-titini„litiisilludit„tiltlttstlttlli

1 3386 2 3477 ζ
39 3394 151 3460 meis
165 3393 312 3460 minimis
328 3393 649 3478 equamaelorrnibus,
665 3392 817 3476 capitulis
837 3391 1066 3476 pedunculatis
1086 3389 1243 3458 solitariis
1265 3387 1316 3454 vel

1 3476 118 3571 {binis
133 3485 245 3565 parvis
263 3487 402 3566 anguste
420 3482 767 3566 oblongo-cylindriois
787 3481 988 3564 paucidoris‚
1006 3479 1169 3546 involucri
1193 3477 1315 3562 phyllis

1 3571 183 3643 lusciosis
210 3573 434 3639 subcoriaceis
460 3573 573 3656 parvis
596 3571 659 3640 sub
681 3571 768 3638 lente
786 3569 955 3652 pruinosis
981 3570 1087 3636 ovatis
1111 3575 1145 3633 et
1169 3567 1317 3632 breviter

1 3684 2 3715 r
43 3661 378 3742 longo-lanceolatis
408 3661 571 3744 profunde
599 3665 632 3725 et
664 3659 853 3742 pectinatim
879 3659 1086 3725 albo-citiatis
1107 3657 1240 3740 pallidis
1266 3655 1315 3720 vet

0 3749 124 3834 apice
141 3750 335 3832 sphacelatis
349 3767 507 3818 mucrone
519 3749 685 3816 terminati
699 3752 790 3815 recto
807 3749 889 3815 ciliis
902 3749 957 3814 vix
974 3745 1133 3812 validiore
1149 3751 1182 3810 et
1194 3745 1317 3829 saepius

1 3830 23 3889 l2
65 3836 195 3919 viora,
210 3839 359 3906 flosculis
376 3840 483 3906 roseis
502 3836 783 3913 subradiantihns,
800 3837 944 3903 aeheniis
963 3836 1047 3902 radii
1076 3835 1199 3917 saepius
1218 3851 1318 3916 epap-

1 3959 22 3981 1
42 3927 125 3992 teis
143 3926 220 3994 disci
237 3928 396 4014 papposis
415 3930 505 3994 serie
525 3925 723 3994 intermedii
744 3927 878 3991 achenio
901 3925 1067 4008 subduplo
1087 3923 1242 3990 breviore
1269 3931 1316 3995 tt.

1 4056 2 4117 ᾗ
47 4037 151 4094 Hah.
168 4039 196 4094 in
214 4040 395 4111 graminosis
414 4040 537 4096 collium
557 4039 655 4112 Lyciae
672 4053 763 4111 prope
776 4037 896 4094 Elmalu
912 4036 1036 4107 (Bourg.
1055 4051 1116 4092 exs
1132 4035 1197 4090 1511
1213 4033 1269 4089 sub
1289 4033 1318 4089 0.

1 4107 175 4168 *cam
184 4115 271 4181 van).
288 4114 320 4166 in
339 4111 424 4168 siccis
439 4111 538 4184 Lyciae
552 4113 619 4182 (nec
637 4110 801 4178 Armeniae)
817 4107 959 4164 Michaux
976 4110 1006 4164 in
1029 4121 1086 4162 uc.
1102 4106 1208 4175 herbt),
1226 4120 1318 4177 prope

1 4177 194 4321 Mutat-3233
210 4183 240 4237 tn
259 4181 478 4256 Mesopotamia
497 4183 536 4240 ad
550 4182 687 4238 Kharran
706 4179 879 4250 (Heussht)‚
892 4181 968 4235 inter
986 4176 1145 4234 Dierbekir
1162 4180 1190 4232 et
1207 4175 1319 4231 Suerek

32 4267 93 4322 y.
161 4267 168 4303 l
196 4295 202 4306 .

59 4349 106 4433 β.
137 4363 329 4429 squarrooa.
345 4387 389 4402 -
407 4351 573 4420 involucri
592 4349 703 4434 phytla
715 4350 750 4415 in
764 4349 892 4430 spinam
910 4345 1103 4414 validiorem
1119 4345 1202 4412 ciliis
1217 4345 1320 4410 inter·

12 4457 107 4508 um
126 4435 227 4521 duplo
242 4442 423 4525 longiorem
442 4443 589 4524 patulam
607 4439 660 4505 vel
680 4443 887 4504 recurvatam
906 4435 1069 4501 abeuntia.
1088 4469 1124 4483 -
1149 4429 1184 4511 C,
1199 4449 1320 4515 equor-

0 4571 5 4584 ι
28 4545 107 4594 osa
136 4524 189 4590 W.
204 4527 256 4614 Sp.
272 4529 330 4609 111,
345 4551 377 4615 p.
397 4532 494 4597 1319.
