3008 5164
40 321 106 360 fn

33 357 102 457 ῥ’
203 375 260 432 642
751 389 930 431 coneosrra:
1308 375 1493 437 Coum(

204 499 349 568 flosculis
374 500 554 582 purpureis
581 499 798 569 radiantibus.
826 500 971 566 acheniis
997 498 1181 584 puberulis‚
1201 502 1299 585 pappi
1318 501 1382 568 albi
1404 523 1435 569 se
1454 504 1473 551 '›

204 587 400 656 intermedia
421 589 555 655 achenio
574 589 838 674 sesquilongiore
853 589 985 656 interne
1004 607 1042 654 eo
1060 588 1196 656 dimidio
1217 589 1370 656 breviore
1400 601 1441 665 y.
1487 632 1493 665 y

205 771 225 827 d
241 698 472 841 11¹3bFaerulpies
486 699 635 755 calcareas
648 700 778 771 regionis
795 699 945 755 inferioris
958 699 1079 755 OEtoliae
1098 715 1190 772 prope
1205 699 1393 772 Misolunghi
1410 703 1491 771 (Nisa

227 786 258 826 er
286 812 293 826 .
347 815 351 823 .
398 787 437 826 a.

240 866 348 922 Cautes
365 831 591 939 bist-pedales,
604 867 677 923 folia
689 867 912 922 radicaliacum
946 866 1035 922 etiolo
1047 866 1267 939 5-8·pollicaria
1281 869 1330 924 te
1339 869 1409 942 poll.
1420 871 1448 925 ba
1464 898 1465 902 ,
1489 863 1494 926 ζ

205 937 336 1010 capitula
358 953 460 1009 magn.
477 937 505 995 C.
521 938 685 995 Cineraricc
705 938 734 995 L.
754 941 783 993 et
803 937 888 994 Busa
939 939 1053 995 arensis
1071 939 1163 995 Guss.
1184 940 1295 1011 quibus
1320 941 1451 997 indume

207 1010 350 1080 congruit
365 1009 418 1065 sed
431 1008 580 1066 involucri
600 1010 815 1094 appendicibus
836 1009 945 1081 amplis
963 1010 1011 1065 ut
1032 1010 1127 1066 lineas
1145 1009 1243 1081 longis
1257 1027 1327 1065 cum
1344 1013 1420 1067 ciliis
1431 1014 1473 1067 2¹

205 1081 275 1136 latis
289 1081 446 1137 manifeste
461 1081 686 1138 decurrentibus
697 1098 746 1137 eas
758 1080 787 1137 C.
799 1079 875 1137 olbia
887 1085 914 1136 et
927 1080 1088 1137 Musarum
1101 1081 1286 1138 scariositate
1299 1083 1490 1139 referentib

208 1157 240 1208 at
250 1152 396 1225 profunde
409 1153 566 1224 pastinatis
583 1153 820 1208 distinctissime.v

253 1328 304 1392 57.
329 1326 369 1394 C.
396 1330 612 1410 argentea
632 1325 681 1410 (L.
699 1325 754 1410 Sp.
779 1325 879 1401 li90l
896 1323 1056 1407 adpresse
1077 1343 1223 1407 pannosa
1239 1343 1333 1407 cana,
1346 1318 1486 1392 οιιιιΙὶιι

208 1415 461 1484 ascendentibus
492 1415 664 1497 fragilibus
695 1432 793 1498 parce
825 1415 1166 1497 paniculum-ramosis
1198 1415 1302 1481 ramis
1337 1416 1502 1483 brevibus

210 1505 465 1588 monocephalis‚
486 1503 571 1570 foliis
591 1504 805 1570 inferioribus
822 1509 856 1568 et
872 1504 1061 1570 rosularum
1083 1502 1246 1569 sterilium
1266 1504 1451 1588 pinnatisec

209 1594 377 1662 interdum
408 1591 589 1675 suhlyratis
616 1595 794 1675 segmentis
823 1592 972 1676 oblongis
999 1592 1125 1658 obtusis
1151 1593 1289 1674 integris
1316 1596 1369 1659 vel
1400 1614 1439 1676 pa
1463 1626 1482 1648 ι.

209 1683 416 1750 subdentatis
435 1683 590 1766 utrinque
609 1684 666 1748 aa
680 1700 798 1748 versus
817 1681 912 1748 basin
929 1681 1198 1748 decrescentibus
1212 1683 1382 1748 terminali
1396 1685 1460 1749 inte
1482 1694 1487 1759 j

210 1774 287 1840 dum
314 1771 430 1855 majori
458 1777 564 1841 ovato.
591 1773 677 1838 foliis
705 1772 843 1836 catilinis
873 1770 1073 1837 abbreviatis
1097 1770 1272 1837 sessilibus
1299 1771 1494 1856 paricilob‘2

209 1862 360 1944 capitulis
377 1861 503 1926 minut-e
520 1860 759 1927 subbracteatis
780 1860 999 1926 mediocribus
1020 1860 1211 1935 turbinatis,
1239 1861 1408 1927 involucri
1427 1859 1495 1947 pal-33

212 1952 266 2016 lidi
284 1951 405 2032 phyllis
423 1950 572 2032 oblongis
593 1956 684 2032 parte
701 1950 835 2015 dimidiat
851 1949 1016 2032 superiori
1028 1949 1175 2014 breviter
1193 1949 1451 2031 pectinata-cilia
1480 1975 1495 2003 ;»

210 2041 282 2107 cilio
304 2039 468 2105 terminali
485 2040 538 2105 vix
557 2040 715 2104 validiore
731 2044 765 2103 et
783 2040 939 2121 longiore,
958 2038 1082 2104 intimis
1102 2039 1291 2104 lanceolatis
1312 2041 1408 2122 apice
1427 2058 1467 2103 sc

210 2131 319 2205 riosis,
339 2129 486 2195 flosculis
504 2128 602 2195 luteis
616 2148 680 2194 non
698 2128 915 2209 radiantibus,
932 2127 1076 2194 acheniis
1093 2128 1278 2211 puberulis,
1296 2129 1401 2210 pappi
1414 2145 1475 2191 se

212 2217 406 2285 intermedia
432 2218 566 2284 achenio
589 2218 773 2302 aequilonga
801 2219 960 2284 interiore
988 2217 1185 2282 brevissime
1220 2226 1265 2290 tc.
1297 2216 1341 2282 let
1372 2219 1437 2282 Ber
1459 2242 1483 2270 e

210 2308 273 2372 tab.
292 2309 365 2372 ete.
384 2342 428 2354 -
449 2305 479 2372 C.
500 2307 675 2388 Buprasino
695 2308 738 2372 et.
758 2305 860 2374 Graec.
879 2308 920 2382 X,
937 2328 968 2391 p.
987 2308 1019 2383 2,
1036 2306 1098 2371 tub.
1119 2308 1183 2371 903
1205 2326 1269 2370 non
1290 2305 1326 2370 L.
1477 2318 1478 2321 ’

246 2419 325 2473 Hah.
342 2418 379 2473 ad
394 2433 482 2490 rupes
496 2418 625 2488 regionis
639 2418 784 2474 inferioris
797 2421 988 2475 etmontanae
997 2418 1091 2472 Cretae
1103 2416 1220 2486 (Simo,
1233 2417 1303 2472 Sieh
1312 2421 1344 2487 t),
1355 2419 1397 2473 ad
1407 2397 1481 2489 »pro

210 2489 352 2545 Grabuso
363 2492 392 2545 et
404 2490 434 2544 in
448 2489 600 2545 montibus
613 2489 806 2561 Sphacioticis
821 2489 944 2559 (Raultt.

245 2585 422 2640 fndamento
441 2588 469 2640 et
481 2584 561 2640 foliis
579 2586 676 2640 affinis
690 2584 718 2641 C.
734 2585 901 2656 Reperiam
913 2585 947 2639 L.
962 2583 1073 2656 plantae
1087 2583 1262 2639 Dalmaticae
1277 2584 1425 2657 capitulis
1438 2583 1483 2655 gl'

210 2657 294 2713 hosis
307 2656 483 2711 ebracteatis
496 2656 588 2729 duplo
602 2657 774 2723 maioribus,
789 2655 937 2712 involucri
957 2655 1071 2726 phyllis
1090 2655 1149 2710 late
1169 2655 1427 2712 semiorbiculatis
1439 2672 1484 2714 siz

211 2728 284 2784 nul-rt
296 2727 436 2783 validiori
452 2729 615 2783 terminatis
629 2728 808 2800 longiusque
823 2727 930 2782 ciliatis
945 2727 1100 2782 distinctae.

256 2903 308 2966 58.
335 2900 375 2967 C.
394 2916 601 2984 pannosa
626 2897 701 2984 (nc.
717 2899 833 2964 Prodr.
853 2898 908 2974 Vt,
925 2917 955 2981 p.
974 2896 1053 2982 582)
1069 2897 1171 2964 dense
1188 2904 1221 2964 et
1239 2898 1408 2981 adpressa
1428 2924 1450 2958 ι,
1466 2933 1485 2959 a„

211 3010 292 3057 nose
321 3009 401 3056 cana
421 2989 623 3071 plnricaulis‚
653 2989 803 3055 caulibus
833 2989 927 3054 elatis
955 3004 1101 3070 superne
1128 2987 1325 3069 corymbose
1358 2989 1480 3055 rmnross

211 3080 312 3146 ramis
331 3080 450 3145 foliolis
467 3079 627 3161 elongatis
648 3079 879 3159 tlh-cephalis.
898 3077 984 3143 foliis
1004 3079 1037 3141 in
1055 3081 1223 3157 segmenta
1237 3077 1370 3157 integra

211 3168 349 3250 oblonga
366 3171 398 3234 et
416 3168 708 3250 oblongo-linearia
726 3168 930 3232 divaricatim
947 3166 1209 3248 bipinnetisectis
1227 3170 1415 3247 segmentis
1435 3186 1454 3248 p
1484 3222 1490 3230 .

211 3258 326 3323 mariis
345 3258 545 3339 petiolulatis
566 3257 727 3322 terminali
752 3256 943 3338 submajori,
962 3256 1046 3322 foliis
1066 3254 1296 3337 superioribus
1323 3256 1471 3321 sessilis

212 3347 370 3412 brevibus
397 3346 617 3430 pinnatilohiS,
637 3347 788 3427 capitulis
808 3344 955 3412 breviter
973 3345 1205 3430 pedunculatis
1221 3344 1309 3410 foliis
1328 3362 1436 3428 supre
1455 3370 1460 3402 ι

211 3435 364 3502 indivisis
380 3435 555 3502 bracteetis
570 3434 789 3500 mediocribus
814 3436 930 3516 oratis,
948 3433 1111 3500 involucri
1132 3434 1223 3515 apice
1239 3436 1409 3500 attenuati
1427 3432 1446 3497 h
1470 3459 1494 3516 g

212 3527 298 3592 viter
315 3525 494 3590 tomentclli
513 3524 633 3606 phyllis
657 3524 825 3605 adpressis
850 3525 998 3606 oblongis
1016 3523 1206 3589 substriatis
1225 3522 1316 3604 apice
1339 3525 1448 3588 utriu
1464 3540 1478 3574 r

213 3617 269 3678 er
290 3613 435 3679 breviter
457 3614 751 3697 pectinata-ciliatis
771 3615 806 3679 in
823 3631 1014 3680 mucronem
1032 3611 1114 3676 ciliis
1132 3629 1199 3676 nou
1219 3611 1411 3691 longiorem
1425 3630 1454 3677 s·
1472 3654 1475 3662 ·

212 3703 406 3770 validiorem
435 3701 645 3779 abeuntibus,
677 3704 829 3784 capitulis
857 3702 1061 3769 ochrolcucis
1088 3700 1140 3767 vel
1171 3701 1471 3782 purpurascenti·

213 3812 279 3859 non
307 3791 522 3872 radiantibus,
552 3792 696 3859 acheniis
724 3796 816 3875 apice
839 3791 1040 3873 marginatis,
1071 3789 1168 3872 pappi
1200 3790 1288 3855 serie
1315 3788 1459 3872 penul'

213 3883 347 3949 achcnio
363 3882 558 4034 gehilongh,
573 3881 705 3948 interne
723 3882 817 3947 brevi
841 3891 885 3955 tc.
905 3883 935 3946 C.
957 3877 1115 3960 rutefoliu
1135 3877 1238 3944 Boiss.
1257 3878 1292 3943 in
1309 3880 1449 3963 Orphe
1463 3891 1472 3920 ι’

215 3990 278 4036 non
299 3971 343 4034 ll.
395 3989 486 4037 reeca

248 4082 324 4136 Hal).
340 4083 368 4135 in
384 4081 540 4153 peninsula
553 4081 650 4137 Athea
662 4081 768 4149 (Auch.
780 4081 886 4151 31791),
900 4081 1011 4137 ibidem
1025 4095 1115 4154 prope
1132 4079 1381 4150 Pandocratoras,
1396 4079 1408 4135 t
1431 4081 1437 4092 '

212 4154 310 4209 Lauro
323 4153 461 4223 (Griseb.,
474 4152 593 4224 Orphl).
612 4153 654 4207 Fl.
668 4156 745 4224 Aug.
1468 4162 1472 4178 ²

249 4237 406 4308 bipedalia,
426 4236 552 4307 insignis
571 4237 709 4292 foliorum
729 4236 890 4307 segmentis
908 4235 1090 4308 petiolulatis
1107 4237 1141 4290 ut
1159 4235 1190 4290 in
1210 4232 1296 4293 Rutai
1312 4235 1441 4291 ditaris.
1459 4239 1466 4272 ·“

213 4310 305 4363 Valde
315 4309 402 4363 refert
415 4306 444 4363 C.
457 4307 625 4378 rutdmiam
638 4308 684 4362 Fl.
699 4310 804 4364 Graeca
836 4324 869 4363 ro
881 4312 941 4380 quat
954 4323 1019 4362 eam
1029 4306 1184 4362 diuhabui
1197 4307 1250 4362 sed
1263 4308 1392 4363 omnino
1406 4306 1434 4361 d·
1444 4314 1466 4353 ir
1479 4361 1483 4366 o

211 4380 341 4435 flosculis
356 4394 415 4434 non
431 4379 624 4447 radiantibus,
640 4395 737 4452 pappo
750 4395 811 4435 non
845 4379 1013 4435 rarissimo.

260 4556 309 4617 co.
337 4551 380 4618 c.
401 4551 604 4620 marrona
628 4552 746 4637 (sactu.
776 4558 809 4620 et
835 4553 903 4619 sm.
931 4551 981 4618 n.
1006 4550 1108 4618 craee.
1131 4553 1171 4629 x,
1191 4574 1221 4637 p.
1246 4555 1297 4630 ιι,
1325 4554 1397 4619 rao.
1420 4533 1490 4619 ιιι
