3108 5168
115 423 223 481 delam.
614 437 784 479 nunrncars.
1013 459 1015 464 .
1327 422 1364 480 53

139 535 203 598 Hah.
217 544 243 597 in
257 543 373 614 regione
384 543 544 615 subalpina
553 542 659 600 Libani
670 544 700 599 in
714 544 765 600 via
774 545 851 600 inter
862 543 1026 614 Berythum
1041 542 1258 598 etDamaseum
1272 558 1363 669 supra

110 614 307 741 1lllharr'riilliussein
323 617 354 669 in
370 616 504 672 herbidis
518 616 649 672 humidis
661 615 760 685 (Beiss
770 615 864 684 !)‚sub
873 619 961 688 ponte
975 613 1078 672 Gisrel
1093 613 1187 685 Hajer
1197 614 1307 684 (Ehren
1342 615 1362 683 J.

137 781 222 837 facies
231 781 387 855 Asperuloe
396 783 530 840 edmetce
538 783 591 838 sed
597 781 797 856 semipedalia,
807 782 906 838 caules
918 782 1065 838 tenuiores
1077 782 1361 853 etfoliamajerasex

109 851 184 907 lineas
196 851 281 923 lenge
294 853 507 924 sesquilineam
523 853 592 909 lala.
607 855 708 910 mores
719 871 819 926 magn.
832 855 905 926 Asp.
919 853 1054 910 ederacee
1072 854 1109 909 ad
1123 853 1232 910 corella
1247 857 1359 926 patens.

25 991 27 1018 Ι
109 923 252 994 Corymbus
260 927 446 996 paucillerus,
457 925 576 982 corellae
589 926 679 982 lubus
692 926 770 982 iobis
785 925 899 998 4-dple
912 925 1038 980 brevior.

24 1085 26 1152 ἶ
145 1099 186 1164 16.
207 1098 249 1165 G.
266 1098 577 1185 Bhrenberqil,
591 1103 695 1166 tetum
707 1100 817 1185 patule
834 1099 1198 1185 hispidule-velutinum
1216 1099 1360 1166 siccitate

106 1189 271 1269 nigrescens
290 1189 493 1272 cespitesum
517 1189 667 1256 caulibus
691 1189 879 1256 numerosis
909 1188 1029 1255 erectis
1047 1187 1180 1274 pumilis
1206 1188 1362 1256 tenuibus

106 1277 209 1342 teneris
223 1277 414 1358 fragillima,
435 1277 518 1344 feliis
536 1277 625 1344 senis
650 1282 788 1360 anguste
811 1275 1131 1344 lineari-lanceolatis
1154 1277 1261 1361 planis
1286 1277 1360 1343 nni-

103 1363 207 1432 nerriis
221 1367 433 1445 moecenatis,
465 1367 661 1452 pedunculis
682 1367 841 1433 exanillis
865 1366 1093 1452 superioribus
1116 1365 1360 1432 terminalibus·

103 1456 283 1537 perstrictis
310 1455 520 1522 filifermibus
547 1455 710 1522 idi-lieris
741 1455 816 1522 folia
842 1456 1014 1540 superiora
1038 1455 1227 1522 abbreviata
1258 1455 1359 1520 multe

102 1543 323 1626 superantibus,
341 1545 471 1610 corellae
492 1545 574 1610 albae
594 1545 784 1629 majuscula
806 1545 927 1627 glabre
955 1545 1037 1611 lebis
1062 1545 1209 1627 oblongis
1230 1543 1357 1610 obtusis

101 1630 165 1697 tube
179 1633 501 1717 sesquilongioribus,
517 1635 664 1702 enthecis
680 1635 785 1701 eratis
800 1634 907 1713 luteis,
919 1633 1004 1718 stylo
1024 1634 1118 1717 lenge
1136 1633 1244 1709 bifido,
1260 1631 1359 1698 meri·

101 1721 201 1805 carpils
214 1725 319 1789 eratis
339 1723 590 1804 subgrauulesis
614 1733 658 1797 p,

128 1829 192 1884 Hah.
203 1833 232 1886 in
247 1832 333 1904 Syria
348 1833 522 1890 Libanoticct
536 1833 573 1889 ad
587 1835 658 1890 Gisr
670 1835 696 1890 el
711 1836 803 1903 Hajer
815 1835 953 1904 (Ehrenb.
967 1851 1026 1890 eus.
1040 1834 1128 1904 3721).

127 1925 170 1982 Tri
181 1927 227 1984 rel
239 1929 499 2002 quadrinellioare‚
517 1929 589 1985 folia
608 1931 845 1987 internecione
862 1930 955 1987 lineas
968 1930 1059 2000 longa
1077 1928 1187 1985 lineam
1201 1927 1357 1986 dimidiam

100 1995 155 2056 lala
174 1999 259 2056 facies
283 1999 318 2057 G.
339 2001 523 2058 eeatelezzre
544 2001 638 2058 Boiss
658 2003 709 2058 sed
732 2003 911 2074 pubescens
935 2003 1008 2058 folia
1035 2002 1216 2070 angustiora,
1238 1999 1357 2056 corellae

100 2068 174 2124 lubus
185 2071 276 2126 multo
289 2071 417 2141 longior.
430 2071 507 2128 lnler
522 2072 677 2145 Leiegelr'a
686 2073 906 2148 etAsperalam
918 2075 1029 2145 speeies
1040 2072 1193 2129 subdubia
1203 2071 1255 2128 sed
1268 2071 1358 2128 facies

98 2143 121 2194 el
131 2141 299 2198 characteres
315 2143 416 2214 polius
437 2142 524 2200 Gala.

136 2311 177 2374 ll.
201 2311 244 2378 G.
269 2313 559 2382 Telesianum
586 2311 705 2400 (Beiss.
736 2319 769 2380 et
787 2313 847 2398 Ky.
876 2313 911 2379 in
943 2313 1004 2398 Ky.
1037 2333 1104 2381 exs.
1138 2311 1235 2398 1862)
1254 2311 1356 2380 dense

96 2399 464 2486 cespiteso-pnlvinatum
492 2403 640 2486 glabrum
669 2402 812 2470 siccitate
837 2403 1016 2488 nigricans,
1047 2403 1195 2470 caulibus
1227 2399 1357 2468 decum-

96 2486 438 2557 benti-ascendentibus
468 2493 611 2560 tenuiter
647 2491 854 2558 filifermibus
887 2493 1046 2560 intricatis
1081 2492 1182 2559 dense
1214 2489 1355 2571 foliosis,

95 2575 166 2642 feliis
188 2580 312 2646 c5-nis
331 2579 445 2663 parvis
464 2581 693 2648 crassiusculis
711 2579 828 2648 lucidis
854 2587 949 2650 ovato
964 2581 1015 2648 vel
1036 2578 1356 2664 oblongo-spathula-

95 2663 129 2731 tis
140 2665 356 2734 obtusissimis
371 2669 501 2736 melicis
512 2669 580 2737 basi
599 2670 692 2737 valde
708 2671 894 2750 attenuatis
913 2671 1109 2756 pedunculis
1125 2666 1354 2736 terminalibus
1390 2669 1392 2676 “

95 2771 110 2816 e
125 2757 238 2839 cespite
255 2758 351 2836 lonae
370 2760 510 2825 exsertis
527 2759 708 2827 dichotome
726 2760 782 2824 3-7
802 2760 903 2841 lieris,
917 2759 1058 2828 bracteis
1077 2757 1221 2824 minimis
1238 2755 1356 2840 ellipti·

95 2841 133 2908 cis
148 2846 257 2922 aculis,
278 2845 448 2930 pedicellis
466 2849 675 2933 capillaribus
688 2849 810 2916 strictis
829 2849 911 2917 flore
932 2849 989 2916 vix
1003 2847 1215 2930 longioribus,
1227 2844 1357 2912 corolla

93 2931 162 2996 elba
177 2934 258 3000 lehis
278 2936 467 3002 lanceolatis
482 2938 629 3005 breviter
645 2943 678 3004 et
693 2938 811 3004 obtuse
832 2938 1036 3016 acuminatis,
1052 2935 1198 3003 aetheris
1216 2933 1356 3020 pallidis,

93 3019 186 3088 fructu
203 3025 425 3090 crassiuscnlo
445 3026 515 3092 laevi
534 3036 578 3100 tl.

121 3119 188 3176 Hah.
202 3123 234 3177 iu
250 3125 403 3180 umbrosis
422 3125 550 3182 faucium
576 3127 848 3200 porphyritioorum
871 3129 982 3184 montis
1007 3125 1098 3182 Telos
1120 3125 1255 3194 (Amani)
1280 3124 1357 3178 inter

92 3187 186 3261 lleeyk
199 3199 227 3249 el
239 3194 364 3264 lllagara
378 3195 429 3252 alt.
442 3197 473 3252 Y
478 3197 524 3254 301
538 3198 609 3270 (Ky.
624 3199 702 3269 flat)
717 3199 759 3254 Fl.
773 3201 839 3256 Jun.

119 3287 242 3416 capies
254 3291 484 3365 bdpellicares,
497 3295 568 3351 felia
578 3296 745 3352 internodio
759 3297 843 3351 subse
868 3296 986 3366 uilonga
999 3296 1112 3364 majora
1126 3293 1143 3348 2
1160 3293 1253 3348 lineas
1267 3292 1357 3362 longa

91 3355 613 3492 {laiseinmig{iilselilrlrieiffpofflcms
627 3371 729 3424 munes
742 3368 843 3424 stricti.
878 3367 973 3441 pecies
987 3366 1066 3422 foliis
1075 3365 1197 3420 minutis
1205 3361 1357 3436 spathula·

19 3621 20 3654 1
132 3603 174 3667 18.
197 3603 244 3671 G.
269 3605 467 3691 Molluqo
490 3607 540 3691 (L.
567 3607 622 3694 Sp.
646 3609 706 3674 155
727 3627 769 3675 ox
798 3608 913 3696 parte)
939 3607 1087 3675 caulibus
1113 3605 1206 3672 elatis
1234 3603 1357 3686 glabris

92 3689 134 3756 rel
148 3693 256 3776 patule
274 3693 426 3780 pilesnlis
439 3697 666 3765 crassiusculis
684 3696 724 3764 ad
741 3697 845 3765 nodos
861 3696 983 3764 inflatis
1003 3696 1089 3764 inter
1114 3693 1246 3760 frutices
1270 3711 1356 3760 erec·

19 3821 20 3836 .
92 3778 127 3844 lis
141 3785 291 3848 ceterum
306 3782 589 3867 decumbentibus,
609 3786 694 3853 feliis
712 3786 838 3854 8-6-nis
863 3783 1204 3867 oblongo-lanceolatis
1230 3781 1356 3849 obtusis

19 3923 20 3926 ,
90 3871 276 3939 mucrenalis
298 3872 446 3953 margine
461 3894 560 3959 parce
579 3875 738 3942 scabridis
756 3895 859 3943 neree
873 3874 981 3941 medio
1008 3874 1125 3942 subtus
1142 3872 1244 3950 tenni,
1262 3870 1356 3955 pani-

90 3957 151 4022 culi
164 3961 269 4043 ampla
286 3962 447 4044 elongate,
466 3963 634 4048 pedicellis
650 3963 808 4032 brevibus
821 3963 997 4031 fructiferis
1011 3961 1209 4042 divaricatis,
1223 3955 1353 4028 corolla

89 4043 208 4114 sordide
224 4049 306 4116 albae
331 4048 416 4116 iobis
440 4053 622 4138 spiculatis,
654 4055 761 4121 fructu
783 4053 908 4120 minute
927 4051 1083 4134 regulose
1104 4061 1149 4126 a.
1168 4049 1206 4116 G.
1234 4047 1356 4115 aletae-m

90 4129 194 4200 l'buill.
213 4135 259 4206 Fl.
273 4141 348 4207 Par.
371 4141 422 4206 76.
438 4175 483 4190 -
499 4141 535 4209 G.
554 4139 666 4208 aldran
676 4143 790 4210 Fersk.
812 4139 921 4208 Consi.
942 4141 984 4206 ab
1001 4146 1032 4207 ct
1051 4139 1142 4208 herb.
1163 4157 1249 4224 spec.
1264 4155 1355 4202 man·

89 4236 150 4288 cum
167 4226 230 4294 hirc
246 4229 294 4296 rel
314 4227 357 4295 ad
375 4229 516 4314 speciem
533 4237 726 4318 sequentem
742 4251 782 4298 en
795 4233 832 4297 cl.
848 4232 957 4313 Lange
976 4229 1114 4312 benigna
1125 4225 1355 4296 observatione

91 4318 225 4394 mutere
242 4317 386 4385 videtur.

118 4408 187 4494 Hab.
208 4414 238 4471 in
251 4417 409 4489 sylvatieis
422 4419 450 4472 et
467 4417 601 4474 dumosis
614 4419 798 4476 Macedonia
820 4419 858 4476 ad
877 4419 1007 4489 Vodena,
1026 4421 1056 4477 in
1077 4421 1196 4492 regione
1210 4419 1355 4494 superiori

90 4487 186 4539 montis
197 4487 288 4545 Athos
304 4487 481 4545 ecee-eme
502 4487 555 4558 (Or
577 4490 635 4560 hl),
652 4491 684 4545 in
696 4490 824 4547 Thracia
844 4496 873 4547 et
894 4491 1034 4564 Bithynia
1050 4491 1170 4561 [Griseb
1179 4492 1208 4562 l),
1219 4495 1249 4547 in
1260 4493 1355 4548 Ponto

91 4549 348 4699 ffiiffiezuntem
368 4557 476 4630 (Ball),
493 4563 524 4616 in
567 4563 651 4618 auria
668 4565 698 4618 et
718 4561 851 4620 Caucaso
869 4564 1093 4634 septentrionali
1106 4567 1156 4634 (ex
1168 4559 1287 4633 Ledeb).
1307 4561 1352 4618 Fl.
