3078 5168
37 392 40 407 ¹
58 331 243 391 lumbardo.
563 349 777 392 varmnmnnm.
1259 321 1315 380 1⁰5

51 461 169 544 angulos
195 463 226 525 et
250 456 348 525 basin
374 461 528 526 loliorum
558 460 702 526 ciliatula
737 458 862 543 pumila
889 454 1092 522 divaricatim
1119 452 1311 538 dichotoma,

51 551 121 616 loliis
134 547 415 632 lineari-oblongis
433 549 661 634 superioribus
685 548 755 615 basi
780 565 868 630 saepe
896 544 1049 620 dentatis,
1065 543 1168 625 cymis
1185 561 1312 625 corym-

51 637 157 704 bulosis
169 638 325 705 consertis
344 639 449 720 planis
467 639 568 705 ramis
586 638 717 704 tandem
734 633 988 703 subincrassatis
1005 632 1160 711 suffultis,
1172 633 1313 702 bracteis

51 729 140 794 buctu
158 727 261 793 mullo
281 727 484 810 longioribus
502 727 700 806 lanceolatis,
726 727 854 792 [ructas
869 723 997 790 minimi
1023 722 1151 788 ovoidei
1167 721 1313 790 breviter

51 817 182 902 puberuli
199 817 310 882 rarius
333 817 440 899 glabri
467 817 681 900 depressione
699 813 794 882 ovata
818 817 917 882 costae
933 813 1049 878 mediae
1066 830 1128 895 ope
1150 812 1314 896 bipartita,

51 907 150 988 alpais
176 905 277 970 limbo
296 906 551 972 auriculaelormi
579 906 774 972 brevissimo
798 905 930 990 obliquo
961 903 1095 985 capsula
1126 903 1315 982 angustiore

51 995 159 1077 integro
178 1014 244 1059 non
262 995 449 1074 reticulate,
468 995 589 1061 corolla
604 999 867 1080 purpurascente
891 1000 940 1072 Θ.
960 990 1001 1056 Ic.
1016 991 1108 1059 Krok
1122 991 1147 1070 I,
1161 990 1213 1074 lig.
1231 993 1315 1057 3.-

56 1083 78 1148 l.
86 1081 249 1164 ardorello
266 1105 328 1151 nc.
339 1084 457 1150 Prodr.
475 1084 528 1164 Ν,
541 1105 572 1170 p.
592 1086 719 1151 ast-
740 1083 770 1148 V.
785 1082 949 1164 liupolota
962 1079 1057 1148 Presl
1074 1078 1143 1146 Bot.
1162 1080 1313 1148 Bemerk.

50 1192 72 1256 p.
87 1175 137 1254 88,
156 1189 198 1237 ex
221 1175 322 1240 Krok.
342 1207 388 1223 -
410 1173 440 1238 V.
456 1173 656 1255 Abpaatulcu
673 1172 809 1239 Fresen.
829 1172 992 1239 Senkenb.
1009 1173 1105 1252 1837,
1120 1191 1152 1255 p.
1175 1173 1246 1237 lla.

75 1297 143 1353 Hah.
163 1299 195 1353 in
208 1298 296 1354 Crstd
306 1298 420 1368 (Sieb.),
433 1302 462 1355 et
473 1299 611 1371 Byzantii
623 1299 818 1369 (Hedanborg
826 1315 862 1354 ex
872 1296 978 1366 Krokl,
988 1299 1085 1352 Attica
1092 1296 1130 1352 ad
1143 1295 1314 1366 Heracleon,

49 1368 146 1436 (Heldr.
161 1386 222 1424 exs.
235 1370 309 1426 2933
322 1371 380 1426 sub
399 1369 424 1426 V.
439 1367 602 1440 truncatd),
614 1371 741 1426 Thracia
753 1385 845 1443 prope
858 1367 972 1425 Ruskoi
985 1369 1135 1438 (Griseb.).

74 1463 226 1520 Distinetio
239 1465 317 1522 inter
339 1464 368 1520 V.
388 1467 611 1539 lnicrocarpam
624 1467 654 1521 et
675 1463 702 1520 V.
719 1463 896 1550 pudoratam
910 1463 1033 1520 omnino
1046 1463 1152 1518 inanis.
1255 1465 1258 1472 '

74 1561 115 1616 tr.
137 1560 238 1630 magr.
260 1561 389 1634 Europae
402 1577 432 1618 re
455 1563 483 1617 'o
506 1562 721 1617 mediterranea
734 1577 752 1616 a
764 1559 867 1617 Gallia
887 1559 1012 1616 australi
1025 1557 1148 1614 etItalia
1163 1557 1261 1613 mediat
1273 1557 1313 1614 ed

49 1627 224 1698 Dalmatiam,
240 1633 340 1688 Africa
353 1633 444 1690 borea
456 1633 492 1704 ἱε,
501 1633 672 1704 Abyssiuia.

82 1817 132 1880 23.
154 1817 193 1879 V.
219 1817 439 1886 Morisonl
467 1817 621 1904 (Spreng.
653 1819 733 1902 Pug.
753 1816 779 1899 I,
796 1836 828 1900 p.
850 1819 881 1902 ll,
917 1817 980 1883 sub
1008 1813 1124 1899 leuia)
1145 1815 1185 1881 ad
1213 1819 1315 1889 caulis

48 1906 170 1987 angralos
189 1914 222 1976 et
233 1909 402 1990 margines
419 1908 570 1975 loliorum
587 1907 745 1988 scabrida,
763 1899 1086 1989 dichotoma¹saepius
1109 1905 1203 1984 elata,
1232 1907 1315 1977 loliis

47 1993 242 2063 interioribus
263 1997 414 2080 oblongis
429 1997 565 2080 integris
581 1995 809 2082 superioribus
839 1996 910 2062 basi
927 2012 1013 2080 saepe
1031 1995 1183 2078 dentatis,
1207 1999 1311 2077 cyulis

48 2084 271 2165 corymbulosis
290 2087 412 2170 plania,
429 2087 569 2154 bracteis
599 2085 779 2152 linearibus
807 2085 929 2170 patulis
955 2085 1063 2150 fructu
1088 2083 1312 2152 subbreviori·

48 2169 110 2253 bus,
140 2177 276 2242 ramulis
311 2176 493 2242 fructiferis
519 2177 573 2241 vix
599 2175 801 2252 incrassatis,
825 2173 953 2240 fructds
980 2173 1075 2257 parvi
1100 2175 1315 2243 ovato-conici

49 2260 265 2342 obpyriformis
282 2263 387 2346 glabri
408 2265 622 2348 depressione
645 2264 752 2330 antica
777 2263 1038 2344 ovato-oblonga,
1070 2262 1189 2345 aalydis
1213 2262 1315 2331 limbo

47 2348 163 2434 oblique
182 2357 335 2420 truncato
360 2354 613 2421 auriculatormi
636 2372 701 2419 non
717 2351 890 2418 reticulato
907 2356 1000 2419 acuto
1026 2351 1224 2418 denticulato
1241 2371 1315 2439 cap·

47 2436 306 2522 sultangusliore
323 2446 357 2507 et
375 2443 476 2528 duplo
493 2443 657 2526 breviore,
677 2441 799 2508 corolla
827 2442 899 2507 alba
919 2449 968 2522 Θ.
990 2439 1033 2506 Ic.
1053 2441 1178 2506 Krokt.
1196 2441 1221 2517 l,
1239 2441 1259 2506 l.
1281 2445 1312 2508 6.

47 2559 81 2571 -
102 2525 273 2595 Vdantnla
290 2531 371 2598 Poll.
389 2532 457 2599 Pal.
475 2533 501 2614 Ι,
518 2553 549 2616 p.
568 2533 619 2598 30.

82 2654 111 2736 β.
128 2655 326 2740 lusiocnrpa.
346 2698 384 2708 -
403 2657 545 2744 Capsula
559 2657 732 2745 bispidula.
752 2696 793 2706 -
813 2657 915 2724 Fadia
930 2658 1118 2741 dasycurpa
1130 2657 1218 2725 Stev.
1236 2659 1313 2726 Obs.

47 2749 75 2824 5,
90 2767 116 2829 p.
135 2750 253 2816 34&—
278 2747 506 2830 Vpudesccac
522 2750 625 2817 librat
642 2767 706 2815 non
725 2749 824 2815 Krok.
845 2785 888 2796 -
915 2747 1090 2814 Valeriana
1105 2748 1212 2813 aalma
1229 2748 1315 2812 L.—

53 2833 255 2904 anerionella
269 2839 377 2903 mictu
394 2838 487 2905 Dulr.
504 2839 575 2905 Val.
596 2842 647 2904 59.

76 2959 145 3015 Bab.
158 2977 225 3018 cum
238 2964 383 3019 varietate
396 2963 427 3018 in
438 2962 582 3090 Bitbgnib
607 2963 759 3089 (Grisebss,
780 2961 900 3028 Tauria,
924 2962 1057 3018 Caucaso
1070 2965 1099 3017 et
1107 2978 1192 3088 Eros.
1206 2963 1315 3020 Trans·

46 3034 192 3088 caucasicis
205 3033 401 3105 (mester,
415 3034 513 3090 Wilbe
527 3037 608 3104 ms),
618 3035 720 3090 Persia
754 3048 794 3090 or.
810 3035 913 3090 orient.
929 3033 967 3088 ad
986 3033 1103 3104 Staret(
1133 3036 1204 3104 get).

75 3129 100 3182 A
116 3127 141 3182 V.
155 3125 349 3202 mmocurpd
360 3129 457 3186 fructu
469 3130 561 3202 duplo
575 3131 686 3202 majore
699 3131 814 3198 conica,
832 3129 942 3200 calycis
960 3127 1056 3184 limbo
1076 3144 1134 3183 non
1155 3129 1282 3199 integra,
1296 3147 1313 3185 a

54 3193 220 3258 tennala
232 3201 329 3257 limbo
341 3200 477 3271 calycino
489 3201 573 3257 bravi
586 3217 646 3257 non
658 3201 812 3258 reticulato
825 3201 973 3256 distincta.

75 3295 117 3350 br.
140 3296 238 3368 (leoga.
269 3295 389 3369 Europa
409 3298 535 3352 omnisa
547 3296 744 3352 Scandinavib
759 3295 948 3354 meridionall
961 3295 999 3352 ad
1013 3295 1151 3351 Bossiam
1176 3295 1315 3368 mediam,

46 3363 132 3421 Abin
145 3368 281 3436 borealis,
293 3368 404 3424 insulae
416 3367 547 3424 Azoricae
562 3373 591 3424 et
600 3369 804 3424 Canarienses.

88 3557 132 3620 il.
148 3555 194 3622 V.
214 3558 430 3623 muncata
453 3553 568 3640 (Rchb.
586 3553 635 3621 Pl.
656 3552 733 3621 Grit.
754 3551 795 3636 II,
812 3555 889 3639 pl,
908 3552 974 3620 tab.
997 3555 1068 3632 ll5,
1088 3553 1138 3636 lig.
1159 3555 1233 3634 tid,
1252 3559 1315 3624 sub

49 3641 220 3728 Fadidlsub
234 3644 323 3712 lente
339 3645 380 3710 ad
397 3661 517 3710 nervos
531 3648 563 3710 et
581 3643 717 3726 angtrlos
737 3643 840 3710 caulis
858 3641 1006 3709 scabrida
1024 3641 1217 3725 dichotoma‚
1229 3645 1314 3714 loliis

37 3732 100 3807 ‚int
112 3734 254 3817 oblongis
270 3733 501 3816 superioribus
517 3732 698 3799 linearibus
723 3732 794 3798 basi
821 3731 1045 3812 t-l-dentatis,
1063 3732 1166 3815 cymis
1187 3751 1314 3817 corym-

37 3819 160 3897 ¹bulosis
176 3821 408 3890 canserlilloris
425 3821 533 3906 planis
545 3821 646 3888 ramis
662 3823 796 3887 tandem
811 3820 1015 3902 incrassatis,
1036 3819 1176 3887 bracteis
1202 3821 1314 3892 fructu

49 3905 242 3979 bretioribus
260 3911 461 3995 lanceolatis,
483 3911 610 3976 tructus
641 3909 766 3976 minimi
790 3909 918 3978 ovoidei
946 3908 1062 3974 birtuli
1081 3909 1189 3975 rarius
1208 3912 1313 3992 glabri

53 3997 249 4080 depressione
266 4001 374 4066 antica
390 3998 676 4066 ovato-orbiculari
695 3999 858 4065 costaevix
880 3999 1099 4083 prominentis
1124 4017 1185 4081 ope
1204 3999 1313 4082 bipar-

52 4087 114 4156 ata
129 4092 241 4174 ulycis
254 4089 356 4156 limbo
374 4089 534 4154 herbaceo
557 4088 869 4156 reticulato-venosa
900 4087 1034 4171 obliquo
1059 4087 1315 4157 auriculaelormi

36 4172 223 4261 ·snbintegra
241 4179 387 4262 capsulae
402 4178 553 4262 equitate
572 4183 604 4244 et
631 4175 879 4262 subaequilongo
897 4177 1014 4244 obtuso
1036 4176 1087 4242 vel
1111 4178 1315 4246 acutiuscula

57 4267 102 4340 Θ.
114 4265 149 4331 lc.
164 4269 250 4335 Krok
265 4267 331 4335 tab.
355 4265 378 4346 l,
396 4265 449 4349 fig.
469 4267 546 4330 b-
571 4266 772 4332 Vtruucatu
788 4265 909 4334 Bctcke
928 4285 959 4351 p.
982 4267 1040 4330 tt.

86 4386 153 4444 Hab.
164 4392 192 4448 in
204 4392 331 4450 collibus
344 4394 374 4447 et
386 4391 562 4462 graminosis
577 4389 706 4447 Orientis
719 4391 868 4464 doquens,
891 4390 1007 4448 Graecia
1020 4390 1051 4446 in
1064 4390 1169 4458 Attica,
1189 4390 1312 4461 Boeotia,

54 4459 177 4528 Argolide
188 4464 266 4536 (Sprl
280 4463 405 4533 Boissl),
418 4462 503 4518 Creta
530 4462 614 4518 Sishl
627 4461 719 4518 Ranll
734 4465 756 4534 )‚
768 4462 868 4520 insula
884 4460 979 4518 Melos
993 4460 1089 4530 (Ura.)
1115 4461 1219 4518 Cilicia
1231 4462 1312 4518 litto·

54 4527 202 4606 nbtssurg
213 4538 242 4592 et
255 4535 295 4591 ad
314 4533 410 4590 Gsbel
426 4533 523 4604 Nun(
551 4547 580 4605 y.
593 4549 656 4590 exs.
677 4533 725 4590 271
738 4534 795 4590 sub
817 4531 845 4588 V.
864 4527 1043 4604 moralpd),
1060 4505 1099 4588 ad
1111 4532 1228 4606 Aleppo
1242 4536 1271 4590 et
1282 4533 1315 4592 in
