3108 5168
202 323 239 382 ’16
354 376 359 392 ,
468 306 474 317 ’
761 341 932 384 nusiacum.
1344 323 1481 382 Gallum.

52 425 95 536 ‘fg
143 435 145 448 ¹
205 452 660 540 capituliiormibus,bracteis
676 455 866 522 numerosis
881 453 982 522 nores
994 451 1304 538 subsupcrantlbus,
1318 450 1487 534 pedicallis

43 545 52 570 ²
81 541 89 604 ἑ
204 547 286 613 flore
304 544 594 626 subbrevioribus‚
623 543 754 610 corollae
779 543 994 612 luscescentis
1018 541 1141 626 glabra
1166 541 1219 608 vel
1239 545 1335 607 extus
1355 540 1488 608 birtula

203 631 288 700 iobis
310 632 459 718 oblongis
484 632 632 700 breviter
658 632 1048 712 attenuato-nomninatis
1068 632 1179 699 fructu
1204 629 1331 696 minuto
1359 629 1488 696 minuta

204 722 411 791 tuberculato
430 722 544 804 glabro
563 722 616 790 vel
634 722 721 789 hirto
742 728 792 800 Θ.

242 833 318 890 Hab.
335 832 466 890 incultis
480 836 508 888 et
522 833 630 889 vinetis
641 834 776 891 Arcadia
789 831 906 905 (Borvl
917 831 1069 905 Argolidls
1082 829 1188 906 (Orph.
1201 830 1245 887 Fl.
1258 831 1309 888 Gr.
1323 845 1385 887 sxs.
1400 830 1492 901 1821),

204 905 310 962 Atticae
335 903 479 1031 (Qum),
502 905 533 960 in
554 905 670 960 saxosis
684 905 837 977 Lycabetti
858 892 1000 1032 etfrope
1021 904 1198 962 Heracleam
1212 901 1358 972 (11111111),
1379 902 1490 959 insulas

204 977 242 1033 Ε
262 977 346 1046 ins(

203 1048 349 1118 (eissl).
368 1046 493 1102 Fl.Mai.

36 1185 100 1244 7*
205 1227 260 1272 con

377 975 476 1046 eldrl),
487 976 598 1033 Eubeae
610 975 720 1048 (Sprun
729 979 758 1048 l),
769 979 893 1036 Cretaea
927 976 1170 1048 Kbaniafflaull)
1180 977 1209 1032 et
1217 989 1310 1047 prope
1320 972 1492 1044 Cydoniam

239 1141 358 1268 Sgecies
368 1142 492 1226 llorjlbus
504 1142 637 1228 brevitas
647 1142 833 1226 pedicellatis
844 1145 875 1200 in
887 1143 1017 1217 capitula
1029 1144 1087 1217 pisi
1097 1141 1304 1225 maguitudino
1313 1140 1363 1197 vel
1370 1139 1493 1224 minora

283 1216 393 1269 ansatus
414 1216 491 1268 rntor
508 1214 610 1269 affines
626 1216 764 1285 mugnis,
781 1229 800 1270 a
815 1215 851 1274 0.
865 1214 1041 1289 glomerato,
1054 1221 1217 1288 campestra
1235 1217 1265 1268 et
1282 1211 1375 1269 Boves
1391 1211 1493 1268 colore

205 1283 307 1342 barba
321 1286 484 1350 exsiccatae,
502 1300 520 1340 a
536 1285 655 1342 duobus
676 1285 826 1358 prioribus
847 1287 966 1345 corolla
984 1285 1062 1344 iobis
1082 1301 1143 1342 non
1155 1282 1493 1356 setiierisaposteriori

206 1356 301 1428 cymis
319 1355 407 1427 longe
420 1356 627 1428 pedunculatis
640 1357 789 1413 distincta.

257 1541 308 1606 78.
334 1539 382 1608 G.
402 1541 865 1628 Hierosolymitanum
890 1543 941 1627 (L.
970 1541 1025 1626 Sp.
1047 1545 1108 1611 156
1137 1549 1170 1611 et
1199 1541 1311 1624 berbi)
1341 1561 1496 1608 annuum

207 1629 357 1716 glabrum
389 1631 442 1697 vel
474 1631 586 1715 patule
614 1631 801 1714 birtellum,
833 1631 982 1700 caulibus
1015 1631 1252 1716 quadrangulis
1282 1631 1322 1696 ad
1352 1630 1497 1712 angulos

205 1724 391 1788 retrorsum
408 1718 569 1786 scabridis
584 1720 660 1805 plus
679 1721 791 1788 minus
808 1721 903 1789 elatis
918 1721 1193 1806 rigiduiis‚ramis
1213 1720 1368 1787 ssorileris
1388 1737 1497 1804 oppo-

90 1837 91 1840 ¹
207 1799 280 1876 sitis
297 1807 482 1893 paniculum
500 1809 681 1892 elongatam
698 1807 935 1888 formantibus,
955 1810 1042 1878 loliis
1058 1811 1184 1877 7-8-nis
1204 1807 1499 1892 clliptico-lanceo-

207 1896 282 1964 latis
298 1898 501 1964 mucronatis
519 1899 667 1981 margine
683 1904 716 1966 et
729 1900 770 1966 ad
787 1917 926 1966 nervum
946 1899 1279 1978 aculeolato-scabris
1293 1897 1499 1980 pedunculis

205 1983 417 2068 capillaribus
433 1985 647 2070 tricbotomis‚
664 1987 768 2070 cymis
780 1989 1022 2072 confertifloris
1038 1989 1125 2055 loliis
1137 1987 1336 2054 floralibusa
1350 1985 1497 2053 floribus

206 2073 452 2143 remotiusculis
468 2076 583 2160 cisque
599 2075 818 2160 brevioribus,
832 2076 1000 2160 pcdicellis
1016 2078 1153 2144 sctaoeis
1170 2077 1253 2143 ssorc
1270 2074 1500 2158 sublongiori-

10 2113 85 2258 *f*
206 2163 282 2244 bus,
301 2163 432 2230 corolla
447 2163 569 2248 pallide
584 2164 785 2233 ocbroleucae
803 2165 935 2232 birtula
954 2167 1007 2233 vel
1023 2167 1144 2249 glabra
1157 2163 1242 2232 iobis
1264 2167 1299 2232 in
1318 2163 1500 2249 cuspidem

209 2257 370 2320 setaceam
390 2251 437 2318 eis
470 2253 720 2320 subbreviorem
748 2253 963 2328 abeuntibus,
995 2255 1106 2321 fructu
1132 2255 1260 2321 minuto
1289 2253 1406 2337 glabro
1443 2252 1498 2318 vel

6 2371 52 2434 51
207 2339 337 2424 hispido
353 2347 403 2420 Θ.
422 2340 460 2408 G.
481 2341 739 2423 inanimantium
754 2344 860 2410 Boiss.
880 2348 913 2409 et
924 2341 1006 2410 Hob.
1020 2343 1134 2426 Diagn.
1147 2342 1219 2410 Ser.
1238 2344 1264 2427 1,
1277 2345 1310 2422 11,
1324 2362 1356 2427 p.
1371 2344 1501 2408 156.-

33 2445 66 2520 ᾗ
107 2461 113 2474 ·
208 2427 245 2496 G.
263 2429 472 2496 Pbitr'siaeum
491 2429 595 2497 Boiss.
615 2431 730 2515 Diagn.
752 2431 823 2499 Ser.
840 2431 866 2512 1,
887 2435 937 2514 10,
958 2452 989 2517 p.
1011 2435 1062 2498 11.

242 2539 317 2598 Hah.
329 2543 359 2597 in
373 2541 518 2615 lapidosis
532 2541 680 2600 umbrosis
689 2543 802 2602 Cilicia
814 2545 853 2602 ad
863 2547 1017 2603 Anamour
1029 2545 1168 2616 (Paronin
1175 2549 1204 2617 t),
1216 2543 1311 2616 Syriae
1324 2543 1363 2601 ad
1373 2543 1433 2600 Alc
1458 2558 1503 2617 po

206 2609 378 2684 (Κγ.2411),
393 2627 485 2686 prope
500 2613 664 2684 Beryihum
681 2614 766 2685 OEhrl
786 2615 872 2674 Bolss
879 2620 899 2689 l)
914 2623 944 2674 et
955 2617 1097 2674 Sidonem
1117 2617 1179 2689 (Bll
1200 2616 1317 2688 Gellii),
1329 2613 1420 2673 Pales
1473 2629 1503 2672 aa

206 2682 283 2742 circa
295 2683 448 2758 Naplouse
463 2687 492 2741 et
510 2700 601 2758 prope
614 2685 838 2770 GazamtBoiss
846 2691 877 2760 l)r
893 2688 938 2745 Fi.
951 2690 1018 2745 Jun.

239 2793 336 2851 Albae
353 2794 388 2852 G.
400 2811 438 2852 ca
460 2796 534 2852 ituto
548 2795 646 2852 differt
662 2795 747 2853 caule
764 2797 881 2854 elatiori
901 2813 981 2870 saepe
1002 2796 1101 2870 pedali
1117 2812 1156 2869 op
1178 2796 1252 2853 osite
1271 2797 1504 2878 ramoso-pani·

208 2865 306 2950 caleto
318 2881 372 2952 nec
391 2811 574 2950 diabotomo,
597 2865 677 2922 foliis
701 2868 877 2952 latioribus·
891 2869 986 2940 cymis
995 2869 1039 2954 ‚⁰.b
1052 2811 1210 2941 pediceffos
1227 2867 1377 2950 longiores
1391 2865 1504 2952 laxius

204 2937 757 3081 cogffiffatllonlgfflsfflguuiffaffibmm
775 2911 918 2996 brevibus
936 2939 1044 2996 obsitus
1064 2955 1117 2996 neo
1132 2939 1222 3010 longe
1240 2937 1504 3011 plurmracoeaus,

255 3199 306 3263 19.
332 3196 376 3264 G.
402 3196 611 3266 Gessium
641 3197 761 3283 (Boias.
791 3197 908 3282 Diagn.
936 3199 1007 3266 Ser.
1037 3201 1069 3281 I,
1107 3200 1165 3282 10,
1193 3217 1225 3282 p.
1256 3195 1314 3282 68)
1341 3215 1507 3265 annuum

208 3286 367 3371 glabrum,
387 3286 537 3353 caulibus
565 3288 684 3353 erectis
712 3287 857 3354 tenuiter
886 3287 1094 3354 fililormibus
1121 3286 1273 3371 rigiduiis
1294 3285 1400 3351 lorea
1421 3283 1506 3354 basi

208 3375 392 3442 dichotome
409 3381 441 3442 et
460 3375 664 3442 divaricatim
687 3375 922 3444 ramosissimis
940 3377 1141 3442 effusissime
1164 3374 1379 3460 corymbosis,
1406 3375 1507 3444 loliis
1530 3377 1534 3384 '

209 3463 336 3531 6-8-nis
349 3463 476 3531 obtusis
492 3463 624 3531 muticis
640 3464 787 3548 margine
798 3465 959 3532 revolutis
973 3463 1132 3533 scabridis
1148 3463 1271 3550 patulis
1282 3463 1335 3530 vel
1352 3463 1508 3534 deflexis

206 3553 331 3620 intimis
347 3551 688 3638 elliptico-lincaribus
706 3551 834 3620 oaetoris
853 3559 991 3638 anguste
1007 3554 1199 3636 linearibus,
1221 3553 1395 3620 floralibus
1414 3553 1508 3622 sub·

208 3641 364 3708 solitariis
384 3645 477 3725 cyma
493 3640 691 3726 plerumque
702 3641 923 3725 brevioribus,
939 3645 1042 3726 cymis
1059 3642 1250 3710 ancillaribus
1263 3647 1295 3708 et
1308 3642 1508 3710 terminali·

206 3731 269 3798 bus
288 3729 518 3815 pedunculatis
536 3727 880 3814 umbelluiliormibus,
891 3731 1087 3818 pedunculis
1100 3731 1335 3816 pedicellisque
1351 3734 1508 3800 setaceis

207 3818 329 3903 glabris
347 3817 435 3884 bisce
454 3818 536 3884 ssore
554 3817 732 3903 fructuque
755 3817 812 3887 uix
835 3819 1055 3906 longioribus,
1085 3820 1214 3888 corollae
1232 3819 1354 3904 pallide
1374 3819 1508 3888 ochro·

206 3908 309 3975 leucae
327 3905 448 3990 glabra
464 3906 577 3972 ovario
594 3905 750 3990 longioris
767 3913 800 3974 et
825 3909 950 3977 latioris
974 3909 1059 3976 iobis
1083 3909 1231 3992 oblongis
1252 3907 1509 3979 obtusiusculis

206 3996 347 4076 muticis,
366 3997 474 4062 fructu
492 3995 651 4079 adpresse
675 4000 709 4063 et
727 3997 874 4067 breviter
896 3998 1073 4081 striguloso
1097 3996 1150 4066 rel
1175 3997 1251 4082 pilis
1278 3995 1385 4080 longis
1407 3997 1509 4068 albis

207 4083 434 4152 subunciuatis
452 4083 583 4170 hispido
605 4090 652 4164 Θ.

242 4192 319 4250 Hab.
333 4193 372 4249 ad
384 4195 498 4250 radices
509 4193 602 4260 Tauri
616 4195 729 4253 Cilicici
740 4195 810 4268 (Κ).
821 4195 886 4254 2351
899 4197 1027 4253 mixtum
1040 4213 1108 4254 cum
1121 4195 1158 4254 G.
1169 4203 1283 4255 sctaceo
1296 4195 1509 4325 lasiocmsso),

1453 4287 1497 4327 01·

206 4263 244 4322 ad
261 4263 538 4392 Boulouklissprope
560 4265 691 4323 Mersina
711 4267 822 4337 (Ball),
845 4269 874 4323 in
894 4267 1043 4324 umbrosis
1066 4268 1177 4324 montis
1196 4267 1294 4324 Cassii
1311 4267 1409 4339 Syriae
1500 4317 1509 4328 .

205 4333 306 4404 (Bolas
314 4337 342 4405 1),
356 4349 386 4391 m
403 4335 426 4391 L
460 4351 516 4392 ano
528 4353 619 4410 supra
633 4338 797 4409 Berythum
812 4337 934 4409 (Gellii)
951 4341 981 4396 et
991 4339 1134 4396 Sidonem
1147 4339 1196 4410 (131
1205 4341 1234 4410 1).

241 4443 347 4500 Planta
369 4443 594 4571 bi-pollicaris,
611 4443 685 4502 iolla
703 4450 831 4517 angusta
850 4445 954 4504 brevia
976 4450 1005 4503 et
1024 4447 1209 4506 characteres
1227 4447 1261 4506 0.
1272 4447 1383 4506 setucci
1393 4463 1412 4505 a
1433 4465 1512 4522 qno

206 4513 304 4572 dliiert
313 4514 394 4572 soliis
409 4531 439 4572 m
453 4531 510 4573 nus
524 4516 672 4588 munibus,
685 4517 778 4574 nmis
792 4517 1097 4591 rigidioribus,cyn1is
1110 4520 1151 4576 ob
1163 4519 1324 4592 padicsilos
1336 4520 1511 4580 breviores
