3150 5178
29 367 204 425 Centaurea.
578 382 763 425 courosirs.
1261 371 1315 427 ers

10 507 11 516 ι
59 487 169 544 Gaulos
191 488 383 544 eihizomato
405 487 507 560 plures
530 487 781 561 lidii-pollicares
803 489 876 546 iolla
896 489 1037 546 radicalia
1061 506 1140 564 saepe
1158 490 1242 548 caule
1263 492 1315 547 viii

28 559 163 614 breviora
187 560 349 629 segmentis
371 559 579 630 magnitudine
602 564 631 616 et
648 559 861 626 formaverim,
880 560 1028 618 involucri
1041 562 1136 634 spinae
1154 562 1202 618 6·9
1218 561 1313 618 lineas

28 630 132 714 longae.
151 629 271 703 Species
293 630 420 703 pulchra
438 630 519 687 toliis
537 636 565 688 et
582 631 760 688 indumento
774 631 803 688 C.
819 632 1018 702 Catameitum,
1031 634 1169 706 capitulis
1183 632 1212 691 C.
1226 648 1314 707 apii·

25 701 151 774 proadem
164 703 304 759 reterens.

68 875 118 939 98,
145 873 188 942 C.
214 873 504 958 eryngioides
533 873 639 960 (Lam.
661 873 745 942 Diui.
770 873 795 957 I,
815 894 846 958 p.
867 874 948 960 675)
972 875 1117 958 crispulo
1143 875 1310 960 puberuia

28 962 149 1044 viridis,
169 963 254 1030 colio
271 962 373 1030 dense
391 963 597 1047 bombycino,
615 963 764 1032 caulibus
781 963 898 1046 rigidis
914 965 1144 1032 crassiusculis
1162 983 1312 1032 monoce-

29 1051 127 1134 phaiis
143 1053 197 1119 vel
214 1052 336 1136 sapius
353 1051 423 1119 basi
439 1053 474 1117 in
491 1071 601 1119 ranios
614 1053 738 1137 rigidos
755 1053 1070 1137 submouocephaios
1086 1054 1212 1136 divisis,
1225 1054 1311 1122 foliis

26 1140 457 1224 subiyrato·pinnatisectis
492 1143 670 1224 segmentis
702 1143 813 1226 parvis
842 1143 969 1209 obtusis
999 1143 1164 1210 terminali
1191 1149 1310 1210 ovato·

26 1228 159 1313 oblongo
186 1229 378 1296 lateralibus
404 1231 541 1299 minutis
564 1232 714 1314 oblongis
739 1231 872 1298 rachide
895 1232 1048 1310 tobutiiu,
1071 1233 1223 1315 capitulis
1242 1233 1310 1314 glo·

25 1318 108 1384 bosis
126 1319 322 1403 majusculis
339 1319 532 1402 pedunculis
551 1322 655 1404 longis
670 1320 787 1386 validis
800 1321 962 1386 subnudis
976 1320 1132 1399 suilultis,
1147 1321 1312 1388 involucri

26 1407 258 1489 glabrescentis
279 1408 392 1491 pallidi
413 1411 534 1496 phyllis
550 1411 615 1476 late
632 1410 737 1476 oratis
758 1413 904 1493 margine
922 1410 1006 1476 ciliis
1023 1409 1106 1476 albis
1123 1411 1311 1476 lanceolatis

27 1497 196 1578 pertinetis
215 1498 307 1582 apice
325 1499 359 1563 in
378 1501 504 1584 spinain
523 1499 665 1566 validam
682 1499 810 1565 interne
830 1499 1075 1565 canaliculatani
1097 1504 1130 1565 et
1149 1499 1310 1583 piiinatim

27 1586 226 1669 spinuiosam
252 1588 285 1652 in
313 1587 518 1656 intermediis
544 1589 699 1656 flosculos
720 1593 905 1672 aequantem
930 1587 1139 1670 abeuntibus,
1160 1587 1309 1654 flosculis

27 1676 135 1757 roseis,
156 1677 303 1742 acheniis
326 1677 510 1760 puberaiis,
530 1679 630 1761 pappi
654 1679 741 1745 serie
762 1677 942 1760 penitima
967 1677 1102 1743 achenio
1123 1677 1310 1760 sesquiion·

26 1764 120 1920 {urie
134 1765 255 1918 intima
266 1765 399 1832 achenio
415 1767 515 1852 dupio
532 1767 688 1834 breviore
707 1777 752 1841 tt.
767 1765 920 1832 Gorduus
936 1765 1147 1848 eryngioc'dca
1160 1766 1195 1831 Ρ.
1207 1766 1309 1850 htpiii

71 1859 112 1920 ot.
134 1855 197 1921 158
235 1873 309 1922 con.

58 1963 130 2020 Hab.
144 1965 176 2020 in
190 1965 304 2022 Arabia
339 1967 428 2022 etraet
440 1967 471 2021 in
488 1967 606 2022 fissuris
625 1968 736 2022 montis
751 1965 834 2021 Sinai
849 1965 959 2035 (Bovdt
972 1965 1072 2021 Schim
1096 2007 1102 2020 .
1116 1964 1208 2036 3271),
1221 1965 1309 2036 Syria

27 2037 54 2090 iii
70 2035 185 2092 Libano
206 2053 299 2110 supra
314 1983 398 2093 ssden
415 2037 545 2107 (Boissi)
564 2042 592 2093 et
611 2038 769 2095 Bescherre
789 2036 875 2106 (Bit),
896 2037 933 2094 ad
952 2037 1040 2092 liban
1090 2037 1210 2107 odelridj
1232 2037 1309 2092 inter

27 2105 78 2162 Ber
100 2107 231 2163 tharnet
249 2109 430 2165 Damascum
447 2109 579 2178 (Gauii),
595 2110 627 2164 in
646 2114 747 2166 monte
765 2108 858 2164 Gerbi
876 2108 1044 2164 Antilibani
1063 2123 1155 2180 supra
1175 2107 1310 2164 Zebdani

27 2177 53 2232 [ι’
90 2178 97 2200 ’
117 2179 206 2306 (eKyd
208 2180 242 2235 91
252 2183 281 2250 t),
302 2180 401 2236 Tauro
425 2181 531 2251 (Auch.
553 2181 636 2236 herb.
661 2195 722 2237 nc.
747 2195 785 2235 an
807 2179 957 2235 schedulae
981 2181 1118 2250 erraret),
1138 2181 1170 2234 in
1188 2179 1308 2251 Egypto

27 2265 120 2306 arrone
151 2252 183 2306 in
208 2252 293 2308 irata.

65 2353 98 2434 β.
122 2351 403 2436 iirochyucoutbo.
425 2393 465 2403 -
490 2354 601 2440 Spina
623 2354 856 2422 subteriuiores
884 2352 1006 2437 phyllis
1030 2351 1184 2436 equidem
1206 2352 1308 2436 duplo

30 2441 183 2525 longiores
206 2444 265 2510 sed
289 2444 442 2510 iiosculos
464 2463 528 2511 non
548 2450 728 2528 aequantes.
749 2441 960 2508 intermediis
979 2442 1013 2508 in
1036 2446 1148 2524 typum
1173 2442 1304 2509 transit.

29 2555 172 2698 (Egiiggiijin
183 2557 336 2613 Palestina
345 2557 383 2613 ad
395 2557 519 2612 st-Saha
533 2557 669 2628 (Boissh,
680 2556 712 2611 in
725 2556 901 2612 Antilibano
913 2569 1004 2628 prope
1014 2554 1221 2612 Zebdantcum
1233 2558 1307 2628 typo

67 2757 93 2818 7.
112 2725 311 2793 athelensis.
324 2727 453 2792 -Piiis
467 2727 633 2793 annulatis
644 2727 862 2807 cinerescens
875 2725 1016 2808 capitula
1031 2725 1156 2790 ininora
1169 2724 1308 2808 oblonga

31 2813 90 2881 bisi
106 2816 283 2883 rotundatu
297 2833 356 2881 nec
371 2821 534 2895 truncata,
548 2817 653 2899 spinae
672 2819 707 2881 ut
722 2815 755 2880 iii
773 2833 840 2880 var.
854 2816 878 2898 β
894 2815 1077 2892 breviores
1091 2816 1306 2880 antherarum

30 2905 118 2972 tubus
137 2923 386 2989 purpurascens
406 2923 464 2970 uec
482 2905 636 2985 fluvidus,
657 2905 827 2970 acheniiiin
842 2905 927 2970 circa
941 2903 1044 2968 hilum
1065 2903 1202 2969 densius
1223 2904 1306 2986 pilo·

31 3011 104 3060 suin.
120 3029 163 3045 -
182 2994 214 3060 C.
236 2993 426 3059 Athotcnsis
445 2993 551 3062 Boiss.
575 2993 690 3077 Diagn.
709 2992 779 3059 Ser.
800 2993 826 3068 Ι,
847 2995 898 3068 io,
915 3011 944 3075 p.
968 2993 1041 3057 tii.

31 3103 187 3246 Μὶἰῆιιὶιῶιι
200 3103 370 3246 Ιεγὸιιιιῑιιὶε
393 3105 562 3178 Caelesyriae
583 3107 660 3180 inter
676 3107 782 3162 Ainete
805 3109 833 3160 et
853 3103 925 3160 Deir
943 3104 970 3158 el
990 3104 1121 3160 Achmar
1137 3103 1176 3159 ad
1192 3103 1306 3159 radices

95 3191 125 3232 ni
178 3191 275 3232 oiss,.

61 3271 171 3344 Species
187 3273 326 3328 caulibus
345 3272 455 3328 validis
470 3274 522 3329 sed
535 3273 679 3329 brevibus
692 3271 929 3356 semipedalibus
943 3271 1038 3356 rarius
1051 3270 1217 3354 pedalibus
1232 3269 1303 3324 folia

31 3341 72 3396 3-4
88 3344 210 3416 pollices
228 3344 319 3414 ionga
335 3350 464 3415 angusta
482 3345 645 3415 segmentis
662 3343 836 3399 lateralibus
851 3343 990 3398 confertis
1007 3343 1207 3414 inaequalibus
1224 3355 1304 3413 saepe

31 3415 184 3472 rotundatis
199 3419 228 3470 et
240 3415 383 3472 minimis.
396 3416 444 3472 Ab
457 3417 598 3472 affinibus
611 3415 690 3472 coilo
707 3415 889 3485 lanuginoso
902 3413 1122 3484 distinguenda.
1136 3415 1271 3469 Varietas
1285 3434 1301 3484 y

32 3485 137 3543 videtui·
149 3492 268 3544 tantum
281 3487 377 3544 forma
389 3489 519 3544 serotina
533 3503 548 3543 e
563 3487 628 3543 ioco
644 3487 760 3544 sicciori
774 3491 803 3541 et
818 3486 967 3541 umbroso.

70 3661 116 3726 99.
141 3663 183 3731 G.
211 3661 531 3730 carduiiormis
553 3663 631 3748 [no.
654 3663 772 3728 Prodr.
794 3661 848 3742 Vi,
872 3683 901 3745 p.
925 3663 1005 3746 590)
1032 3661 1108 3744 pilis
1134 3660 1303 3745 papiliosis

35 3751 140 3830 pilulis
154 3753 207 3818 vei
225 3752 386 3818 flexuosis
402 3752 531 3818 interne
543 3752 730 3836 prasertim
749 3752 833 3818 iiiita
850 3751 981 3818 cinerea
997 3750 1106 3816 rarius
1119 3769 1208 3824 caua,
1219 3751 1302 3815 coilo

34 3857 87 3904 non
114 3841 230 3922 lanato,
259 3840 408 3908 caulibus
437 3841 552 3922 rigidis
582 3840 814 3907 crassiusculis
846 3839 1088 3922 inouocepbaiis
1120 3840 1169 3904 vei
1205 3857 1300 3920 parco

36 3931 158 3996 ramosis
184 3929 399 4014 corymbosis,
426 3931 512 3996 ioiiis
537 3931 571 3995 in
592 3935 758 4013 segmenta
778 3929 917 4012 oblonga
935 3931 989 3994 vei
1009 3928 1300 4010 oblongo-linearia

34 4015 213 4086 subtentata
231 4019 352 4085 lohulis
368 4036 454 4102 saepe
474 4019 662 4086 intermixta
676 4018 915 4102 pinnattsooiis.
936 4018 1087 4102 capitulis
1111 4017 1301 4100 inajiisoiiiis

35 4104 174 4182 globosis,
198 4108 362 4174 involucri
388 4109 510 4194 phyllis
532 4107 733 4174 tomenteilis
756 4109 819 4174 iate
840 4108 945 4176 oratis
964 4106 1111 4188 margine
1131 4105 1247 4170 crebro
1269 4112 1302 4168 et

36 4191 115 4276 longe
131 4198 424 4282 cilinio-pectiiialis
442 4198 573 4281 pallidis
591 4198 645 4263 vel
660 4199 781 4279 sapius
800 4199 890 4280 apice
907 4197 1007 4262 hiscis
1027 4196 1059 4259 in
1078 4195 1205 4277 spinain
1224 4195 1301 4277 pius

37 4281 130 4350 minus
145 4287 286 4353 validam
304 4285 458 4352 iiavidum
469 4286 522 4353 vei
536 4288 662 4353 luscam
678 4286 976 4370 patenti-reticium
996 4283 1105 4366 piiylio
1123 4283 1222 4365 dupio
1240 4284 1302 4348 sai·

37 4371 91 4434 teni
113 4373 287 4457 longiorem
310 4375 477 4442 interdum
502 4376 657 4442 ilosouios
683 4381 895 4458 superantem
922 4371 1138 4452 abeuntibus
1156 4371 1302 4438 ilosouiis

38 4465 199 4544 purpureis
225 4465 279 4529 vei
308 4465 428 4548 pallide
456 4465 572 4545 roseis,
594 4465 738 4530 acheriiis
766 4464 946 4547 puheriiiis,
972 4461 1069 4546 pappi
1094 4461 1303 4527 violascentis

38 4548 110 4615 serie
130 4551 322 4620 intermedii
348 4555 482 4621 aelienio
510 4554 732 4636 sublongioiu,
754 4555 867 4618 intinut
891 4571 929 4618 eo
956 4551 1053 4634 triplo
1080 4550 1231 4616 breviore
1257 4559 1301 4622 it.
