3078 5168
6 267 8 322 Ι
60 359 184 417 &alm
595 375 760 416 narsaeus.
1270 353 1383 410 1331

60 486 241 641 {pugioribus
266 497 314 562 tt.
329 487 362 554 S.
384 487 567 571 Pyrumicc
586 483 661 554 cn.
681 486 764 570 lley.
783 485 853 552 lud.
874 483 969 552 Cano.
988 479 1323 568 praestruebat.

84 595 137 643 oss.
154 596 216 643 non
234 597 295 644 nc.
1428 615 1430 618 ·
1448 589 1504 638 ²⁵²*

6 733 7 740 ,
87 687 152 743 llab.
169 690 200 744 in
224 690 408 762 graminosis
431 692 461 746 et
482 690 598 746 collinis
623 689 654 744 in
677 689 772 744 Ponto
792 688 830 743 ad
852 688 1045 743 Cerasuntem
1060 689 1090 741 et
1104 685 1322 757 Trapezuntem
1457 697 1500 764 ’χ

6 797 7 800 ¹
61 759 286 832 (lchihtBourgl
302 761 418 830 Huett).
453 777 515 817 rov.
525 761 657 832 Talyscb
670 761 754 830 (CA.
766 759 853 832 May„
865 758 966 816 Buhse
976 760 1004 828 l),
1021 756 1163 826 Imeretia,
1183 755 1323 811 Colchide
1445 749 1477 830 ῤ;”’

6 893 7 896 ¹
61 837 82 885 et
91 829 222 887 hahens
231 833 363 905 [Ruprl),
374 779 497 889 Gbifani
510 833 606 904 sylvis
619 831 791 902 (Hausskl).
1448 835 1450 842 “
1466 855 1477 880 t

5 966 7 986 t
85 926 157 986 AS.
177 925 353 1014 &maed
380 935 410 986 et
429 925 608 988 holosericeci
641 929 718 985 Bert.
743 927 883 984 foliorum
911 927 1098 982 obtusiorum
1132 924 1269 980 dentibus
1294 927 1324 979 et

5 1019 7 1078 t
60 999 158 1055 brialis
172 1001 313 1073 crispulis
326 1004 357 1056 et
365 1003 530 1073 praesertim
543 1001 653 1072 calycis
663 999 761 1056 aristis
772 999 917 1070 elongatis
931 1013 985 1054 nec
995 995 1207 1052 involucellum
1218 1010 1324 1068 parum

5 1125 7 1170 l
59 1072 251 1143 superantibus
268 1072 416 1128 distincta

95 1261 119 1322 5.
138 1257 176 1325 S.
200 1259 370 1326 crinita
394 1260 471 1342 (Ky.
490 1265 522 1325 et
542 1257 646 1324 Boias.
663 1258 696 1322 in
714 1259 775 1340 Ky.
803 1273 871 1323 eas.
895 1257 995 1340 1859)
1022 1255 1179 1340 perennis
1213 1253 1323 1320 multi·

60 1347 144 1416 uatis
172 1346 337 1431 puberula
362 1350 413 1414 vel
436 1347 655 1432 glabriuscuta
683 1345 981 1427 addiscentibus
1008 1343 1162 1413 tenuibus
1188 1343 1324 1425 virgatis

60 1457 140 1522 parce
156 1438 310 1508 ramosis.
334 1438 420 1504 loliis
446 1435 644 1504 radientibus
663 1435 888 1520 pinnatisectis
906 1437 1084 1516 segmentis
1103 1432 1251 1515 oblongis
1272 1433 1326 1498 vel
1458 1515 1462 1528 ι
1485 1473 1504 1496 .

59 1523 982 1611 oblongo-linearibuspaucidentatis,toliissuperioribus
996 1522 1325 1602 inlaciniasanguste

58 1616 373 1683 baean-lanceolatas
400 1618 566 1698 elongatus
583 1615 653 1682 basi
672 1619 856 1680 attenuatas
876 1614 1038 1697 pinnatim
1057 1614 1111 1679 vel
1129 1611 1323 1693 bipinnalim
1423 1691 1426 1702 Ι
1473 1617 1501 1674 '.

57 1706 151 1777 sectis,
170 1706 370 1789 pedunculis
401 1705 571 1786 elongatis,
606 1703 766 1772 involucri
794 1703 916 1786 phyllis
938 1702 1124 1768 lanceolatis
1154 1701 1324 1766 involucro

58 1794 262 1872 brevioribus,
285 1795 418 1860 corollis
442 1794 646 1860 radiantibus
673 1793 790 1873 roseis,
807 1791 948 1875 capitulo
972 1791 1140 1858 tructitero
1165 1788 1324 1872 sphaerico

57 1901 155 1966 parvo,
173 1883 367 1950 involucelli
398 1886 467 1950 tota
486 1883 689 1964 longitudine
714 1881 865 1948 8·costati
884 1885 916 1946 et
933 1879 1171 1952 sulcati.coslis
1198 1878 1325 1961 pilosis,

57 1975 161 2037 toroni
172 1973 346 2038 creaulata
363 1974 443 2039 tubo
456 1972 557 2055 duplo
580 1973 741 2040 breviore.
758 1970 895 2052 calycini
913 1969 1004 2034 limbi
1022 1969 1165 2035 breviter
1190 1965 1326 2050 stipitali

56 2061 152 2126 aristis
168 2061 333 2126 brunneis
346 2062 470 2128 scabris
488 2060 609 2142 palatis
629 2062 748 2128 corona
766 2061 870 2126 multo
890 2057 1094 2140 longioribus
1119 2066 1164 2132 ll.
1186 2055 1218 2122 S.
1235 2071 1325 2120 scro-

55 2147 298 2230 phutorioefolio
313 2151 420 2216 Boiss.
439 2151 474 2216 in
491 2152 610 2232 Bourg.
627 2169 696 2217 exs.
1318 2168 1320 2172 '

83 2258 145 2314 llab
156 2262 188 2316 in
200 2261 356 2324 Armenis,
369 2277 455 2318 mons
468 2261 626 2318 Karahach
640 2277 731 2334 prope
750 2259 859 2316 Baibut
881 2259 1032 2332 (Bourgt)‚
1045 2259 1134 2314 vallis
1144 2257 1228 2329 Tang
1241 2269 1324 2330 prou.

55 2327 146 2386 llusch
159 2333 212 2388 alt
225 2332 307 2388 6500’
319 2333 388 2404 (Ky.
401 2347 460 2389 exa.
476 2333 562 2402 slot).

83 2425 181 2499 Sesqui
203 2428 301 2512 edatis
314 2428 364 2485 vel
376 2429 531 2513 bipedalis
552 2429 631 2486 loliis
654 2429 843 2485 inferioribus
858 2429 918 2484 fere
942 2426 1326 2502 Scrophulamoeeaninoea
1429 2407 1445 2486 χ’

54 2494 153 2565 &Coa
205 2497 279 2558 aaa
297 2500 637 2557 etantmhusdtstincta.
1486 2499 1526 2544 ,p

91 2686 118 2748 c.
141 2682 185 2750 S.
214 2683 426 2752 Owerlnl.
445 2683 574 2749 biennis
591 2683 677 2750 hirta
701 2683 822 2768 pallide
847 2683 970 2762 virens,
986 2683 1079 2748 caule
1092 2688 1200 2748 erecto
1220 2681 1325 2746 abasi

55 2776 194 2856 opposite
218 2790 350 2838 ramoso
374 2773 475 2838 ramis
491 2773 653 2854 rigidulis,
681 2773 765 2838 loliis
784 2771 983 2838 radientibus
1011 2771 1126 2854 lyratis
1146 2771 1325 2854 segmentis

54 2862 201 2946 utrinque
219 2864 275 2926 5·'l
295 2861 336 2926 ab
353 2862 475 2928 intimis
494 2863 638 2928 minimis
656 2861 837 2928 linearibus
853 2859 894 2926 ad
909 2861 1080 2944 superiora
1098 2861 1236 2940 oblonga
1257 2858 1327 2925 basi

54 2949 253 3018 decurrentia
268 2950 385 3017 obtuse
397 2951 625 3036 paucidcatata
641 2951 765 3017 sensim
775 2951 889 3030 auctis,
907 2949 1071 3014 terminali
1086 2951 1189 3015 multo
1202 2952 1327 3032 majore

53 3045 292 3107 ovalocuneato
311 3041 574 3119 inciso-dentata,
591 3040 676 3107 loliis
692 3039 829 3106 caulinis
844 3039 878 3104 in
896 3038 1031 3104 lacinias
1042 3039 1183 3104 lineares
1200 3041 1327 3122 elonga·

56 3133 98 3192 tas
113 3128 329 3195 decurrentes
339 3130 497 3212 pinnatim
507 3135 539 3198 et
557 3130 750 3213 bipinnalim
766 3128 873 3207 sectis,
884 3127 1327 3212 capitulismagnislongius·

54 3217 118 3282 cute
138 3218 371 3302 pedunculatis
396 3219 572 3286 fructiferis
594 3219 709 3298 ovatis‚
724 3218 888 3283 involucri
903 3218 1025 3300 phyllis
1043 3217 1228 3284 lanceolatis
1256 3217 1327 3284 basi

55 3306 135 3371 canis
156 3308 302 3374 tlosculis
322 3307 555 3390 marginalibus
570 3309 588 3372 i
603 3307 712 3392 ¹t‚-plo
727 3307 946 3388 brevioribus,
965 3303 1094 3373 corollis
1114 3307 1218 3373 roseis
1234 3307 1327 3374 valde

54 3394 263 3475 radiantibus,
279 3397 467 3464 involucetti
490 3395 566 3463 tubo
585 3401 651 3463 lota
670 3395 873 3479 longitudine
890 3398 1046 3462 8-costato
1064 3399 1096 3461 et
1116 3397 1239 3462 sulcato
1259 3414 1328 3464 cos-

55 3483 92 3548 tis
107 3485 233 3568 pilosis.
252 3489 373 3551 corant
390 3486 557 3552 crenutatt
581 3486 661 3552 tuba
685 3485 871 3569 quadruplo
890 3483 1053 3565 breviore,
1077 3485 1196 3567 catycis
1228 3485 1327 3551 limbo

55 3567 192 3640 breviter
208 3575 356 3658 stipitato
373 3575 483 3642 aristis
499 3576 602 3656 nigris
617 3577 738 3641 corant
751 3573 878 3658 6-l-plo
895 3573 1096 3656 longioribus
1115 3574 1168 3658 Θ.

85 3683 160 3741 Hab.
173 3687 211 3743 ad
221 3687 288 3743 Sari
298 3686 390 3743 Tchai
401 3687 438 3742 ad
452 3687 564 3743 radices
579 3687 688 3743 montis
708 3685 853 3756 Sacidagh
875 3686 1087 3756 Daghestanite
1105 3687 1245 3742 australis
1258 3701 1324 3742 ver-

58 3769 102 3810 sus
114 3758 207 3815 tantas
220 3759 308 3815 lluvii
321 3759 428 3815 Samur
439 3758 517 3815 7200·
531 3757 727 3830 (Ruprechtt).
738 3757 781 3812 Fl.
794 3756 852 3812 Jul.

85 3851 197 3910 Podalia
222 3859 252 3910 et
276 3854 400 3924 elatior;
419 3854 507 3924 foliis
525 3855 607 3918 facie,
629 3853 767 3926 capitulis
781 3853 898 3924 magnis
915 3852 1009 3908 roseis
1028 3852 1057 3908 S.
1079 3852 1242 3908 maritimae
1264 3867 1326 3908 var.

56 3925 244 3996 yrmadifloroe
256 3925 410 3981 simillima
422 3926 474 3981 sed
487 3926 525 3981 ab
538 3931 572 3982 ea
581 3925 798 3982 characteribus
817 3925 928 3979 fructus
944 3923 1068 3978 omnino
1081 3923 1185 3978 alienu.

99 4111 131 4173 l.
153 4107 190 4175 S.
214 4108 478 4178 triniaefolla
500 4109 604 4196 (triv.
633 4111 731 4177 Flora
764 4111 860 4184 1835,
893 4129 924 4192 p.
944 4105 1023 4191 333)
1053 4107 1183 4174 biennis
1214 4107 1327 4190 glabra

61 4216 193 4282 superae
211 4199 384 4284 puberum,
403 4200 494 4266 caule
510 4199 727 4266 crassiusculo
741 4199 890 4284 opposite
914 4217 1041 4264 ramoso
1062 4197 1212 4280 rigidulo,
1241 4197 1328 4264 loliis

60 4287 203 4355 omnibus
222 4289 513 4372 bipinnalipartitis
532 4288 727 4354 radicalibus
755 4288 879 4354 ambitu
904 4287 1052 4370 oblongis
1072 4287 1197 4353 laciniis
1216 4285 1327 4351 brevi-

60 4373 120 4442 bus
149 4381 281 4459 auguste
317 4377 499 4443 linearibus
525 4378 691 4453 confertis,
718 4377 928 4460 superiorum
957 4375 1082 4443 laciniis
1114 4374 1325 4460 paucioribus

63 4463 229 4535 tironibus
243 4467 415 4548 elongatis,
430 4466 591 4532 involucri
610 4466 730 4550 phyllis
740 4465 1082 4532 lineari-lanceoalalis
1096 4465 1235 4548 capitulo
1249 4463 1327 4530 sob-

63 4549 270 4638 breaioribus,
291 4555 423 4622 corollis
439 4555 641 4622 ochroleucis
660 4554 875 4634 radiantibus,
891 4554 1033 4638 capitulo
1052 4556 1221 4621 fructifero
1238 4553 1326 4619 ovoi-
