3150 5178
29 411 220 472 Goetbamas.
589 425 773 468 courosvrra.
1262 414 1315 472 tot
1407 459 1420 476 .

28 538 69 603 ad
84 535 302 604 intermedias
321 540 435 604 acutas
454 535 589 603 aehenio
612 537 712 621 triplo
737 537 904 619 longiores
925 536 1040 620 auctis,
1057 539 1183 605 intimis
1201 542 1313 607 conni-

30 627 183 693 ventibus
201 626 359 694 brevibus
377 625 420 710 (ῡ
436 627 489 692 vel
504 631 554 704 Θ.
568 625 610 692 lc.
626 626 673 692 Ill.
692 625 795 693 Graec.
812 627 877 692 tab.
894 627 969 693 811.
986 661 1024 674 ·-
1043 629 1144 695 Rchb.
1170 628 1236 695 tab.
1263 632 1312 696 11.

28 751 69 764 -
87 715 119 782 C.
144 714 308 782 rauracus
328 715 408 780 AB.
437 716 536 782 Taur.
564 712 661 782 Gnuc.
689 717 731 794 Il,
752 735 784 800 p.
813 716 1005 782 1811-11.
1028 716 1175 783 Creticus
1201 717 1236 784 L.
1258 717 1313 804 Sp.

30 805 112 870 11611
139 821 213 870 nec·
228 804 316 889 Syst.
340 805 414 872 Nat.
441 841 484 852 -
508 803 786 888 Kcatroplcytlum
808 804 961 871 tuentum
983 827 1045 873 rao.
1072 807 1146 874 Bot.
1175 804 1259 872 Gall.
1290 807 1316 891 Ι,

61 1003 138 1062 Hab.
152 1005 186 1060 in
200 1005 360 1078 sterilibus,
375 1006 464 1062 cvrltis
477 1009 506 1062 et
518 1005 557 1062 ad
570 1007 636 1062 vias
649 1006 741 1062 totius
759 1006 890 1078 regionis
903 1022 922 1062 a
935 1006 1064 1062 Graecia!
1076 1006 1115 1061 ad
1128 1005 1303 1062 Thraciam!

29 1077 180 1134 Tauriaml
200 1079 338 1150 regiones
359 1077 558 1146 Caucasicasl,
574 1077 708 1134 Persium
731 1077 881 1134 borealem
903 1081 933 1134 et
945 1077 1262 1134 boreali-orientaleml
1277 1051 1316 1133 ad

30 1148 277 1222 Mesopotamiam
290 1149 426 1220 (Hanssk
433 1152 461 1221 1),
475 1149 627 1222 Egyptum
642 1150 680 1205 ad
693 1147 907 1206 Alexandriam
921 1149 1016 1218 (Gaill
1023 1151 1051 1218 l).

61 1246 111 1302 Ar·
129 1243 233 1316 Gange.
253 1245 374 1319 Europe
393 1245 490 1302 omnis
510 1244 650 1300 australis
675 1261 693 1301 a
716 1245 817 1300 Gallia
836 1245 943 1315 media,
957 1245 1118 1300 Germania
1132 1243 1256 1301 australi
1278 1245 1316 1300 ad

31 1315 164 1372 Bossiam
178 1315 349 1387 australem,
362 1316 472 1374 insulae
485 1315 686 1384 Canarienses,
698 1315 828 1388 bladera,
841 1315 943 1372 Africa
956 1315 1093 1386 borealis,
1106 1315 1279 1388 Abyssinia.

73 1527 101 1592 1.
126 1525 169 1594 C.
196 1525 388 1612 glaucus
414 1524 509 1611 (111.Β.
523 1524 624 1592 Taur.
637 1524 731 1592 Caua.
748 1523 790 1603 ll,
806 1543 837 1609 p.
855 1525 936 1610 181)
955 1525 1178 1592 minutissime
1195 1527 1318 1610 pubes-

33 1614 244 1697 centi-canus,
258 1615 350 1682 caule
367 1619 476 1699 erecto
492 1633 624 1681 ramoso
642 1613 846 1696 corymboso,
858 1614 945 1681 loliis
961 1615 1177 1682 interioribus
1195 1615 1320 1700 lyrato-

33 1703 244 1788 pinnatilidia
262 1704 401 1772 caulinis
426 1705 582 1771 coriaceis
603 1703 757 1770 elevatim
775 1703 929 1770 nervosis
948 1724 967 1770 a
991 1704 1063 1771 basi
1087 1705 1318 1788 amplexicauli

35 1793 376 1876 oblongo-lanceoletis
400 1793 706 1875 dentato-spinosis.
730 1792 883 1877 capitulis
906 1793 1127 1860 mediocribus
1153 1795 1315 1877 oblongis,

35 1882 190 1949 involucri
208 1883 330 1966 phyllis
346 1883 493 1949 externis
509 1882 595 1948 loliis
613 1881 777 1948 similibus
789 1880 1134 1964 oblongo-lanceolatis
1156 1884 1316 1967 pinnatim

36 1971 325 2056 dentato-spinosis
339 1973 439 2039 llores
459 1971 667 2056 aquantibus
691 1970 816 2037 intimis
835 1970 989 2037 scariosis
1006 1972 1194 2039 lanceolatis
1212 1974 1318 2040 acutis

36 2061 177 2142 integris,
192 2061 339 2128 flosculis
352 2061 542 2145 purpureis,
555 2060 700 2126 acheniis
712 2059 859 2127 breviter
871 2062 1159 2144 ovato-tetragonis
1173 2080 1319 2145 superne

37 2147 178 2216 obsolete
201 2155 236 2215 et
260 2169 358 2234 perce
384 2149 732 2233 excavato-punctalis,
752 2150 852 2234 pappi
878 2149 958 2215 lulvi
989 2150 1090 2233 paleis
1116 2153 1157 2218 ab
1184 2152 1315 2218 extimis

37 2237 237 2306 brevissimis
254 2240 377 2307 retusis
395 2241 436 2306 ad
451 2238 664 2306 intermedias
683 2239 881 2305 lanceolates
897 2243 1011 2306 acutas
1037 2241 1171 2307 achenio
1190 2241 1246 2305 1-3
1263 2242 1320 2326 plo

38 2327 195 2410 longiores
224 2330 347 2395 sensim
374 2329 488 2396 auctis.
508 2328 633 2394 intimis
653 2327 813 2395 brevibus
831 2327 1086 2396 conniventibus
1109 2335 1157 2408 Θ.
1178 2329 1320 2395 Keletro-

36 2415 181 2499 ptyltum
199 2417 358 2498 plancam
376 2418 411 2483 F.
430 2424 463 2484 ot
483 2418 565 2500 Mey.
581 2451 626 2467 -
642 2417 680 2481 11.
699 2415 912 2482 Auototicam
927 2415 1033 2484 Boiss.
1052 2419 1167 2502 Diagn.
1197 2417 1267 2485 Ser.
1292 2417 1318 2500 Ι,

40 2507 66 2586 a,
84 2526 114 2589 p.
139 2509 199 2573 1111
219 2505 338 2592 (forme
359 2508 480 2590 phyllis
500 2508 649 2573 externis
667 2506 867 2592 latioribus).

71 2615 143 2672 Hah.
157 2617 189 2674 in
205 2619 359 2674 sterilibus
373 2619 490 2674 Taurlae
503 2619 553 2687 (ex
567 2617 699 2686 Ledeb.],
714 2617 819 2673 Iberiee
842 2621 872 2673 et
894 2618 1019 2675 Caucasi
1032 2617 1194 2676 Orientalis
1207 2617 1321 2691 (ΜΒ),

58 2703 115 2744 rov.
129 2688 292 2762 Karabagh
306 2690 424 2760 (Hohl),
438 2689 615 2746 Somchetiae
629 2687 754 2758 (Szovl)‚
767 2691 848 2744 Asiae
861 2689 987 2746 minoris
1003 2691 1111 2760 (Auch.
1123 2690 1318 2756 3870111101-

43 2760 234 2903 st'lsganize'jad
261 2762 375 2818 radices
401 2765 555 2838 Avroman
585 2759 773 2832 (Hausskl)‚
803 2761 916 2816 Persiee
945 2762 1087 2818 australis
1112 2763 1152 2818 ad
1176 2762 1319 2818 Behehan

96 2847 144 2888 uss
173 2875 201 2887 ..

81 2931 109 3014 β.
133 2931 304 3014 Syriacus.
325 2971 364 2982 -
384 2931 535 3016 Crispule
551 2939 584 2998 et
600 2932 749 2999 breviter
765 2932 896 2998 lanatus
913 2933 965 2996 vel
981 2932 1204 3014 plumescens,
1221 2934 1321 3016 pappi

45 3021 136 3102 paleae
153 3022 277 3105 sapius
301 3022 426 3096 albidae,
447 3022 650 3087 intermedia
669 3020 878 3088 acutissimae.
895 3058 939 3068 —
956 3021 1070 3087 llautr.
1090 3021 1270 3105 Syriacum
1288 3028 1322 3087 et

47 3107 381 3178 1101100301εο
403 3112 520 3192 Diagn.
541 3110 612 3177 Ser.
634 3110 659 3189 I,
683 3111 734 3192 10,
754 3129 784 3192 p.
805 3111 858 3175 98.

76 3219 144 3276 Hah.
155 3221 185 3276 in
196 3221 301 3277 Cilicia
313 3223 437 3278 littorali
451 3223 488 3277 ad
502 3221 729 3294 Pompeiopolin
741 3220 844 3289 (Ball),
855 3221 941 3292 Syria
954 3221 992 3277 ad
1002 3220 1139 3277 Marasch
1149 3225 1161 3292 (
1163 3222 1285 3278 Hausslv
1292 3225 1322 3292 1),

47 3289 156 3364 Aleppo,
170 3295 363 3349 Antiochiam
384 3299 414 3349 et
432 3295 463 3348 in
478 3293 571 3348 Caeles
595 3295 638 3349 ria
657 3293 793 3363 (301001),
814 3293 989 3349 Antilibano
1004 3293 1134 3364 (Gailll),
1150 3293 1264 3350 Libano
1283 3295 1321 3351 ed

48 3361 154 3418 bimam
173 3369 203 3419 et
222 3364 308 3435 Syria
330 3365 454 3420 littorali
476 3365 515 3419 ad
535 3309 675 3420 Sidonem
693 3363 782 3433 (ΒΙ1),
795 3363 947 3421 Palestina
967 3364 1005 3420 ad
1026 3365 1174 3422 Nazareth
1187 3366 1282 3436 (Gaill
1290 3369 1320 3436 1),

48 3431 122 3488 Creta
132 3435 169 3490 ed
183 3435 320 3508 Khalepa
333 3437 490 3506 (Raulinl).

85 3561 111 3622 γ.
135 3534 253 3600 tarnis.
271 3573 313 3582 —
330 3535 561 3616 Glabrescens,
580 3535 654 3601 lolia
675 3539 858 3616 angustata,
876 3535 1019 3618 capitula
1039 3536 1231 3601 subminora
1247 3555 1322 3618 gra·

49 3618 157 3704 ciliora,
186 3625 284 3708 pappi
309 3626 502 3708 nigricantis
531 3625 631 3706 paleae
657 3623 863 3690 intermediae
889 3624 1057 3691 interdum
1082 3627 1254 3693 obtusatae.
1276 3661 1322 3670 -

51 3708 151 3776 Konta.
174 3717 270 3779 tenacc
289 3713 393 3781 Boias.
412 3720 445 3780 et
464 3715 512 3778 Bl.
532 3715 649 3796 Diagn.
668 3712 738 3779 Ser.
757 3713 798 3783 ΙΙ.
816 3715 846 3787 3,
867 3733 897 3796 p.
917 3716 968 3778 50.

80 3821 150 3880 Hah.
164 3828 195 3882 in
211 3827 342 3882 arenosis
357 3825 452 3896 Syriae
467 3825 606 3881 littoralis
622 3825 697 3880 circn
712 3823 876 3895 Berylhum
891 3827 920 3878 et
933 3823 972 3879 ad
989 3825 1101 3881 radices
1116 3826 1225 3882 Libani
1234 3828 1246 3895 (
1249 3825 1282 3881 Bl
1292 3827 1323 3895 l),

52 3892 116 3950 circa
127 3895 240 3970 Tripoli
254 3899 383 3967 (Gaillt),
395 3897 546 3954 Palestina
557 3898 595 3952 ad
608 3897 723 3952 radices
737 3895 867 3950 Carmeli
880 3895 983 3963 (Galli.
998 3911 1058 3952 exa.
1072 3898 1169 3967 19871)

91 3992 117 4058 i.
133 3995 392 4061 Alceuvutrinus.
405 4031 448 4041 -
461 3996 809 4062 damnoso-canescens
822 3999 855 4059 et
866 3993 1011 4077 crispule
1024 3993 1165 4075 lanatus,
1180 3997 1322 4077 capitula

55 4083 86 4146 nt
98 4083 130 4149 in
147 4090 223 4169 typo
241 4087 433 4168 majuscula,
453 4086 550 4169 pappi
569 4084 668 4167 paleae
688 4101 802 4149 omnes
819 4084 917 4148 etiam
936 4084 1142 4150 intermedie
1162 4085 1322 4151 obtusatae

56 4174 143 4254 anagn
162 4176 343 4260 puberulae,
364 4175 491 4242 lloscull
509 4175 711 4258 pallidiores.
730 4207 776 4221 -
791 4173 905 4237 chctr.
926 4174 1194 4240 *licuerat-riuum
1213 4171 1319 4238 Boiss.

19 4299 22 4310 ·
56 4257 156 4344 bicgo.
176 4263 246 4331 Ser.
267 4265 307 4344 II,
325 4267 356 4336 11,
376 4267 449 4330 115.

86 4371 155 4429 Hab.
169 4379 198 4432 ln
211 4378 344 4432 arenosis
357 4375 515 4432 maritimis
531 4373 569 4430 ad
582 4375 797 4431 Alexandriam
811 4373 921 4447 Egypti
935 4389 1026 4447 prope
1039 4371 1165 4428 Ramleh
1180 4372 1326 4442 (Ehrenbl

58 4439 157 4502 Samari
171 4447 378 4521 Duparquetl).

89 4539 195 4614 Copias
218 4546 377 4602 eciminum
390 4561 426 4600 ex
442 4543 516 4600 locis
532 4543 745 4600 diversissimis
759 4543 868 4600 collata
880 4543 1009 4614 comperi
1024 4542 1135 4614 species
1155 4541 1238 4614 prius
1258 4556 1327 4612 pro-

60 4614 157 4680 positas
171 4563 336 4674 orfanicam
349 4615 582 4690 polymorpham
595 4615 777 4672 reducendae
791 4631 864 4670 esso.
