3154 5180
50 367 255 430 Hieraciam.
620 374 813 432 'ccurcsrrm

51 565 137 622 aar!
153 568 209 622 sab
219 566 255 622 H.
268 567 389 640 rapido).
399 569 532 624 Caucaso
543 577 571 624 et
584 568 680 624 Iberia
690 569 786 638 (herb.
798 569 915 641 riscnu,
928 571 1130 642 Dnghestania
1143 571 1181 626 ad
1196 571 1270 627 Dido
1292 576 1298 590 ‘

51 635 167 693 forma
181 639 281 711 alpina
295 639 504 710 oligccephala
516 640 646 712 (Ruprt).
1195 654 1200 664 ·

96 735 157 788 Ar.
170 723 268 806 [iacgr.
286 735 406 808 Europa
421 735 550 791 borealis
566 739 594 790 et
608 736 715 807 media,
730 738 811 808 regio
825 735 941 818 Attalea
955 740 1004 807 (en
1018 738 1121 809 Fries).

109 940 173 1004 14.
200 939 249 1004 H.
274 937 536 1023 Djimilense
560 938 680 1023 thiss.
710 945 742 1004 et
774 937 859 1022 Bal.)
883 938 1152 1022 aphyllcpcdum.
1182 939 1359 1007 rhincmate

53 1026 167 1093 brevi
183 1028 277 1094 ratde
291 1029 425 1103 tibrcsa
439 1027 530 1094 caule
546 1045 658 1094 crasso
674 1027 787 1095 toticso
806 1049 822 1091 a
841 1027 910 1094 basi
927 1045 1057 1094 ramoso
1072 1029 1250 1111 composite
1269 1029 1359 1112 paui·

51 1119 179 1184 cutatc
201 1116 411 1201 polycephato
433 1116 692 1184 striato-costato
716 1122 839 1199 praeter
857 1117 982 1183 setulas
1003 1117 1211 1199 parcissimas
1233 1119 1359 1200 glabro,

54 1205 158 1271 hiliis
176 1207 279 1272 tumis
300 1207 447 1289 oblongis
465 1205 570 1273 acutis
588 1206 810 1289 integerrimis
828 1206 1002 1272 sessitibus
1019 1212 1140 1289 prater
1153 1207 1225 1274 cilia
1247 1208 1356 1273 brevia

50 1297 183 1362 tenuia
200 1295 240 1362 ad
253 1296 416 1378 margines
428 1303 459 1362 et
471 1295 589 1360 subtus
601 1296 641 1361 ad
658 1313 797 1362 nervum
815 1294 910 1361 obvia
927 1295 1134 1378 glaberrimis
1147 1297 1356 1362 intimisbasi

54 1385 219 1452 breuiter
246 1385 423 1451 attenuatis
443 1384 572 1452 caeteris
597 1383 1105 1467 auriculam-amplexionelibus,
1126 1386 1356 1469 superioribus

54 1473 211 1557 abrupte
228 1475 541 1551 acantinatis‚ramis
557 1479 590 1539 et
608 1474 802 1556 pedunculis
822 1479 941 1558 praeler
958 1475 1079 1558 pubem
1098 1475 1233 1541 brevem
1253 1495 1358 1542 ramo·

55 1581 139 1628 sam
159 1564 239 1630 setis
262 1563 362 1646 nigris
376 1563 535 1629 brevibus
553 1562 781 1646 glandulileris
795 1563 935 1646 asperis,
950 1564 1102 1646 capitalis
1122 1565 1356 1646 irradiantius,

56 1652 235 1719 involucri
250 1653 441 1735 nigricantis
456 1651 575 1736 phyllis
590 1654 781 1718 indumento
800 1653 892 1718 lircri
909 1671 1003 1734 parce
1016 1658 1048 1718 et
1063 1654 1261 1722 admediana
1277 1655 1357 1722 setis

56 1741 297 1822 glandutiteris
313 1742 467 1809 brevibus
478 1742 594 1808 obsitis
608 1742 731 1808 intimis
744 1742 1145 1816 obtusiuscutis‚aclreniis
1160 1743 1291 1826 pallidis
1310 1753 1353 1816 tt.

100 1852 184 1908 aaa.
200 1853 230 1907 in
246 1851 326 1908 vane
338 1853 443 1922 njtmu
456 1853 543 1908 rona
556 1852 653 1908 aazia
665 1852 744 1908 ccoc’
758 1835 860 1922 (aaa

99 1950 178 2006 Fere
191 1950 335 2023 bipedale,
348 1949 420 2006 tolia
433 1950 649 2024 2·3-potticaria
683 1949 800 2006 cilicem
814 1956 843 2006 et
856 1950 985 2022 amplius
996 1950 1067 2018 lata,
1078 1952 1231 2024 superiora
1245 1953 1354 2008 sensim

58 2021 225 2090 diminuta,
248 2022 379 2094 capitula
406 2025 527 2094 magnit.
548 2020 587 2077 H.
609 1965 747 2078 Sabzadi
767 2038 895 2095 quocum
919 2022 1073 2078 involucro
1098 2023 1163 2078 basi
1185 2039 1199 2080 s
1224 2023 1354 2079 uamulis

59 2093 207 2165 pedicellt
221 2109 279 2149 non
293 2093 460 2164 calyculato
473 2093 617 2164 congruit,
631 2093 683 2150 sed
696 2093 735 2148 ab
749 2109 793 2161 eo,
808 2092 846 2150 H.
861 2089 975 2150 boreali
990 2099 1018 2148 et
1030 2093 1168 2150 affinibus
1183 2039 1262 2150 hails
1281 2096 1356 2150 iute-

1 2217 2 2222 ,
59 2165 207 2235 gerrimis
222 2164 311 2220 valde
334 2163 515 2233 maledictis,
527 2165 746 2233 inttorescentia
761 2165 848 2220 valde
871 2164 1172 2238 glandutcscaspera
1189 2172 1218 2222 et
1240 2165 1355 2239 phyllis

59 2237 293 2308 augustioribus
306 2237 413 2292 differt.

108 2443 164 2506 45.
185 2439 235 2506 H.
255 2440 435 2509 boreale
454 2440 562 2524 [Fries
576 2439 685 2524 Symh.
703 2460 731 2523 p.
754 2441 826 2523 lacy
843 2438 1099 2523 aphyttcpcdum
1113 2439 1218 2504 viride
1233 2439 1354 2522 pubes·

60 2550 146 2599 cens
174 2531 222 2594 rel
244 2531 420 2600 hirsutum,
446 2531 626 2596 rhizcmate
655 2529 748 2596 brevi
774 2528 912 2610 nodoso,
932 2528 1079 2594 cautibus
1107 2529 1201 2594 etatis
1230 2527 1355 2595 foliosis

63 2620 183 2703 rigidis
202 2637 346 2702 superne
366 2618 785 2703 corymbosc·panicutalis‚
806 2618 889 2684 loliis
909 2616 1056 2704 breviter
1075 2624 1107 2684 el
1127 2623 1220 2684 acute
1241 2618 1353 2684 denta-

59 2711 106 2776 tis
128 2709 344 2776 interioribus
366 2709 552 2776 lanceolatis
573 2709 604 2772 in
627 2709 783 2790 petiolum
805 2707 983 2774 attenuatis
1003 2706 1234 2791 superioribus
1254 2709 1355 2773 sessi-

63 2800 155 2864 tibus
175 2797 386 2879 abbreviatis,
408 2797 601 2881 pedunculis
619 2797 709 2882 apice
734 2797 919 2882 squamulis
946 2797 1071 2862 crebris
1090 2797 1124 2860 iu
1149 2797 1354 2862 involucrum

61 2887 266 2953 abeuntibus
294 2887 422 2957 obsitis.
446 2886 608 2952 involucri
636 2887 758 2971 sapius
787 2885 977 2968 nigricantis
1005 2903 1102 2968 parco
1129 2883 1282 2968 puberuli
1304 2887 1355 2950 ret

62 2977 305 3061 glabrescentis
324 2977 444 3059 phyllis
462 2976 615 3044 clunibus
633 2977 761 3042 obtusis
779 2975 959 3041 imbricatis
976 2975 1016 3040 ab
1029 2973 1160 3040 extimis
1179 2974 1219 3038 nd
1240 2975 1355 3039 intima

62 3066 240 3149 elongatis,
262 3066 406 3132 acheuiis
435 3065 724 3152 purpureo-nigris
753 3074 797 3138 11.
819 3065 860 3130 Ic.
881 3063 983 3130 Rchb.
1011 3067 1081 3130 180.
1102 3101 1145 3110 -
1165 3063 1200 3128 H
1225 3081 1354 3140 corym-

64 3153 185 3220 bosam
202 3155 235 3221 c.
256 3156 346 3220 Koch
366 3154 463 3222 Gaac.
485 3173 547 3219 non
565 3153 619 3220 Fr.
642 3191 683 3200 -
701 3153 737 3218 11
759 3153 1057 3234 htsptrtamlbrsk.
1078 3159 1110 3218 et.
1127 3151 1169 3218 H.
1188 3151 1353 3218 Forstoh«

62 3243 106 3308 Iri
126 3244 214 3311 ascl.
232 3245 264 3309 in
284 3263 344 3310 ac.
363 3245 479 3310 Prcdr.
496 3243 564 3320 Vll,
585 3265 615 3329 p.
636 3244 709 3308 ⁰223.
734 3279 773 3289 —-
791 3243 830 3308 Η,
848 3241 1038 3308 Soteridam
1058 3243 1176 3308 Ledeb.
1194 3241 1239 3306 lit.
1256 3243 1351 3308 Rosa.

66 3353 129 3400 ucn
149 3333 251 3400 Fries.
373 3383 375 3388 ·

100 3446 176 3501 Hah
192 3448 222 3501 in
236 3445 389 3515 sylvaticis
404 3445 585 3501 illacedcniae
599 3461 691 3526 prope
706 3444 814 3500 Bitclia
828 3444 959 3517 (Orpht),
973 3444 1111 3515 Byzantii
1126 3443 1251 3514 (statut,
1264 3443 1348 3499 Ponti

64 3533 157 3604 prope
172 3517 282 3602 Niksar
295 3517 375 3574 3000·
388 3516 496 3586 (Tchih
505 3521 535 3600 tt.
549 3516 674 3600 Caccasr
689 3517 719 3570 in
735 3516 871 3598 imeretia
885 3515 1082 3599 (huprechtt),
1096 3516 1229 3599 Caucaso
1243 3521 1272 3571 et
1286 3515 1352 3570 Ibe-

62 3587 302 3730 {ppytg5i{‹!r)ruill‚
324 3588 608 3644 Caucasoorrentalr
631 3587 759 3660 (aspro.
782 3588 883 3644 Persia
905 3587 1020 3643 boreali
1042 3588 1080 3644 ad
1104 3587 1218 3644 radices
1241 3586 1350 3642 Elbrus

106 3757 142 3841 β.
163 3755 416 3822 cincinnatum?
433 3759 610 3823 -Totum
638 3758 710 3840 pitis
736 3758 868 3822 demum
887 3757 1148 3824 sulvescentibus
1166 3758 1346 3840 hispidum.

64 3882 104 3895 -
124 3846 168 3911 Η.
191 3847 419 3912 alamannium
435 3847 528 3912 Fries
545 3848 578 3913 in
597 3847 678 3914 herb
696 3846 786 3912 llort.
806 3847 942 3930 Pelrcpl

29 3989 36 4008 .
100 3957 175 4020 Hah.
192 3958 220 4014 in
239 3959 350 4014 ditione
363 3957 494 4028 Talysch
515 3973 605 4030 prope
618 3957 730 4012 Tatrrni
752 3959 780 4012 et
799 3957 829 4010 in
846 3955 957 4013 ditione
972 3956 1133 4027 Karabagh
1149 3956 1268 4026 (Hoheu
1279 3958 1306 4026 l),
1320 3957 1349 4010 in

64 4030 145 4086 valle
158 4025 347 4085 Kolchadara
361 4030 511 4084 Armeniae
524 4028 648 4098 (Szovtt.

96 4127 143 4182 ht.
158 4127 257 4194 onam.
274 4125 392 4196 Europa
413 4123 606 4180 occidentalis
631 4129 659 4180 et
682 4123 779 4180 media
798 4142 814 4179 a
830 4125 982 4195 Norregia
1004 4123 1129 4179 australi
1150 4124 1187 4179 ad
1202 4124 1348 4194 Rossiaru,

63 4195 172 4252 Sibiria
189 4196 350 4252 Uralensis.

107 4397 160 4461 tc.
186 4395 235 4462 H.
260 4395 559 4464 umbellatum
581 4399 618 4472 th
644 4395 699 4480 Sp.
714 4395 754 4462 ll.
770 4417 798 4480 p.
820 4393 916 4485 1131)
935 4396 1190 4481 aphyllcpcdum
1207 4398 1347 4464 obscura

64 4485 176 4552 uirens
195 4487 377 4569 pubescens
398 4486 448 4552 vet
469 4485 666 4568 glabraluur‚
682 4485 787 4552 radice
809 4486 901 4553 brevi
922 4487 1055 4563 nodosa,
1073 4487 1224 4553 caulibus
1243 4489 1347 4569 graci-

67 4575 149 4642 libus
176 4575 308 4642 nodcsis
334 4575 540 4659 simplicibus
567 4577 617 4642 vet
646 4576 783 4642 ramosis
799 4577 911 4673 ¹ramis
937 4577 1347 4658 corymboscumbellatis,

1307 379 1362 434 877
1470 425 1471 434 ,

97 495 185 550 Hah.
200 496 229 551 in
240 496 335 552 Ponto
349 496 455 552 Laaicc
465 497 706 560 maritimccirca
718 497 808 554 Rhize
820 498 925 569 (Ball),
939 500 1155 572 Trapezuntem
1170 499 1242 570 (Ky.
1255 500 1294 555 Su
1318 501 1360 628 p&
