3150 5178
39 383 209 442 catum
582 391 767 435 cousuetam.
1267 371 1322 431 689

85 505 155 571 lto.
178 503 218 571 G.
244 501 500 588 calcitrapa
523 500 575 584 (h.
596 500 652 586 Sp.
679 498 776 585 teet)
801 499 894 567 caule
910 500 1021 566 erecto
1037 517 1056 564 a
1071 497 1143 564 basi
1160 497 1322 564 divarica-

41 596 97 663 tim
120 593 356 673 ramosissimo,
381 591 467 658 toliis
496 589 640 658 llaccidis
666 588 1095 675 pupillari-pubescentibus
1122 585 1322 655 radicalibus

42 683 194 752 rosulatis
208 684 244 748 in
260 681 396 748 lacinias
413 681 556 746 lineares
574 679 727 746 dentatas
745 678 798 746 vel
823 676 1076 763 pinnatilobatas
1096 675 1323 760 pinnatisectis

45 771 170 842 rachide
197 771 282 837 alata
304 769 390 838 lobis
416 769 668 847 mucronulatis,
692 769 833 836 caulinis
859 765 1032 834 sessilibus
1061 764 1185 832 laciniis
1212 767 1325 850 paucis

40 861 198 943 elongatis
223 859 361 927 summis
379 857 544 936 indivisis,
560 857 714 941 capitulis
732 855 925 925 lateralibus
945 860 978 923 et
995 853 1225 922 terminalibus
1250 855 1325 922 bre·

47 953 126 1018 viter
142 947 372 1034 pedunculatis
384 953 417 1016 et
433 946 609 1014 sessilibus
626 947 783 1014 solitariis
800 945 1021 1034 mediocribus
1033 944 1150 1022 ovatio,
1163 943 1326 1011 involucri

45 1038 152 1124 pallidi
170 1037 275 1121 glabri
296 1037 420 1122 phyllis
440 1035 596 1104 coriaceis
615 1036 761 1103 enerviis
780 1051 920 1118 anguste
938 1033 1327 1116 membranaceo-margi·

47 1128 126 1195 natis
142 1130 205 1194 sub
221 1126 402 1210 appendice
416 1125 530 1212 patula
542 1123 953 1208 palmatim·subpinuatim
966 1124 1022 1188 5-7
1036 1122 1168 1206 spinosi
1181 1129 1328 1189 contrac-

48 1219 101 1299 tis,
131 1217 246 1300 spinas
274 1217 468 1283 lateralibus
494 1214 703 1280 brevissimis
736 1213 899 1280 terminali
930 1213 1073 1278 maximi
1099 1212 1170 1278 basi
1197 1212 1329 1278 interna

43 1305 256 1372 canaliculato
267 1305 478 1372 involucrum
491 1308 681 1387 superante,
693 1302 815 1388 phyllis
828 1302 952 1368 intimis
964 1300 1133 1367 interdum
1147 1299 1329 1368 inermibus

43 1395 95 1478 api
154 1393 321 1474 scariosis,
335 1393 483 1461 flosculis
502 1392 692 1478 purpureis,
711 1391 858 1458 acheniis
882 1390 994 1476 parvis
1018 1389 1137 1456 albidis
1155 1390 1256 1457 calvis
1276 1389 1328 1475 Q).

48 1487 86 1550 lc.
177 1483 207 1548 b.
227 1482 292 1549 tab.
314 1483 367 1548 ct.

81 1595 158 1652 Hab.
178 1595 210 1650 in
229 1594 376 1650 ruderatls
395 1597 425 1650 et
443 1593 572 1664 odviae,
588 1591 806 1665 AtticaOEraas
826 1607 865 1650 ex
883 1591 949 1648 Sch.
964 1591 1056 1665 Rip),
1069 1591 1198 1648 Thracia
1217 1589 1333 1662 (Fris),

47 1667 222 1738 Byzantium
235 1665 368 1736 (Sibth.),
381 1664 468 1722 Creta
479 1665 519 1722 ad
532 1665 652 1722 Khania
664 1664 767 1734 (Raull
774 1679 790 1734 t,
802 1664 915 1720 Tauria
926 1663 1046 1734 (Stevl),
1060 1662 1148 1735 Syria
1160 1677 1253 1736 prope
1265 1663 1333 1718 Tri-

48 1734 107 1812 poli
119 1737 205 1809 (Bll),
218 1737 356 1808 ligyptus
367 1736 445 1793 circa
456 1735 671 1794 Alexandriam
684 1735 805 1806 (Gaillt)
818 1739 848 1792 et
860 1735 1007 1791 liuhiram
1021 1733 1217 1806 (Schweinlt).

82 1832 378 1906 humanitatom
397 1832 496 1889 media
514 1837 544 1889 et
564 1831 705 1888 australis
726 1831 765 1888 ab
787 1831 897 1902 Anglia
916 1834 946 1887 et
958 1830 1120 1887 Germania
1139 1830 1178 1887 ad
1195 1831 1334 1888 Rosciam

48 1905 184 1974 mediam,
198 1904 299 1960 Africa
310 1903 452 1975 borealis,
464 1904 575 1961 Insulae
590 1904 797 1960 Canarienses.

95 2081 166 2146 lll.
192 2081 234 2149 C.
260 2077 555 2164 Pamphyliae
573 2076 694 2165 (Boios.
709 2083 741 2146 ct
759 2077 872 2144 lleldr.
886 2077 1001 2163 Diagn.
1016 2075 1086 2144 Ser.
1101 2077 1126 2159 l,
1144 2078 1194 2152 to,
1209 2097 1239 2160 p.
1257 2074 1334 2162 lto)

49 2172 140 2238 caule
158 2173 270 2236 erecto
290 2188 308 2234 a
325 2167 398 2234 basi
415 2169 619 2235 divaricatim
638 2185 780 2247 ramoso,
797 2167 882 2234 loliis
898 2167 1028 2252 asperis
1046 2166 1192 2234 flaccidis
1207 2167 1240 2232 in
1261 2165 1336 2232 laci-

56 2261 120 2326 nias
136 2263 277 2342 anguste
292 2257 436 2325 lineares
451 2257 568 2324 crebre
585 2255 800 2324 denticulatus
816 2262 850 2322 et
864 2256 1206 2340 calcares-spiculatas
1222 2255 1338 2340 pinna·

57 2349 188 2428 bescha,
215 2345 368 2432 capitulis
399 2345 556 2412 solitariis
583 2344 821 2413 subsessilibus
850 2346 938 2412 foliis
968 2347 1134 2430 supremis
1163 2344 1338 2412 branteniis

13 2491 14 2494 ,
52 2439 166 2518 uvalis,
184 2435 348 2503 involucri
370 2433 476 2516 glabri
499 2434 620 2520 phyllis
641 2435 796 2502 coriaceis
819 2433 1032 2502 inferioribus
1055 2435 1146 2521 apice
1167 2435 1340 2517 svvhaqua-

60 2527 130 2594 liter
141 2525 312 2612 palmatim
328 2528 362 2590 et
379 2523 575 2590 brevissime
588 2523 643 2588 ,lt-'l
660 2525 852 2606 spinulosis,
869 2523 1075 2592 intermediis
1092 2524 1206 2610 paucis
1225 2525 1258 2590 ln
1277 2525 1342 2608 spi·

56 2634 125 2681 viam
145 2615 288 2682 validam
308 2612 425 2680 duram
446 2631 548 2696 snpra
568 2613 816 2680 canaliculatam
835 2613 982 2679 llosculis
1002 2613 1250 2698 sublongiorcvu
1269 2613 1342 2680 basi

61 2705 209 2788 utrinque
231 2699 471 2786 bispinulosam
495 2700 704 2782 abeuntibus
721 2701 847 2768 intimis
871 2701 1055 2769 inermibus
1075 2702 1167 2788 apice
1189 2704 1254 2768 late
1272 2720 1343 2769 sca-

59 2794 161 2876 riosis,
178 2791 328 2859 llosculis
346 2789 624 2872 1·cseis,aoheniis
642 2791 755 2875 parvis
771 2792 972 2875 compressis
991 2791 1089 2857 nudis
1105 2791 1159 2877 0.

91 2904 164 2960 Hab.
177 2904 209 2959 in
221 2901 311 2959 cultis
323 2905 353 2958 et
367 2899 406 2956 ed
419 2902 485 2958 vias
498 2901 686 2974 Pamphyliae
700 2916 791 2974 prope
804 2901 932 2957 fluvium
946 2901 1082 2957 Cestrum
1094 2901 1234 2972 (Heldrl).

91 2998 207 3056 Pedalie
219 2997 270 3054 vel
282 2995 509 3082 sesquipedalis,
519 2997 616 3054 affluis
630 2996 659 3055 C.
668 2997 849 3072 Caleitrupoe
860 3014 878 3054 a
891 3003 948 3070 qua
963 2997 1062 3054 differt
1073 2998 1212 3056 foliorum
1226 2999 1343 3056 laciniis

58 3070 281 3142 angustissimis
294 3084 408 3141 asperas
427 3073 456 3124 et
468 3071 602 3140 margine
617 3070 718 3126 crebre
737 3069 899 3125 caleaneo-c
920 3069 1056 3140 inulosis,
1077 3070 1225 3127 involucri
1238 3071 1345 3144 phylle

63 3141 195 3198 interiora
208 3142 332 3213 insuper
342 3155 402 3198 non
414 3141 491 3196 utin
506 3146 542 3197 ea
555 3141 587 3196 in
600 3142 718 3214 spinam
732 3140 854 3212 longam
867 3157 886 3194 v
918 3141 999 3197 idam
1014 3142 1080 3198 basi
1093 3158 1107 3197 s
1129 3141 1281 3199 inulosam
1291 3144 1343 3200 sed

57 3213 89 3338 {a
101 3213 433 3340 appendicemffivagn
447 3212 782 3338 palmato-{pirulam
801 3212 923 3268 abeunt.
938 3211 1093 3268 Observan
1118 3229 1168 3269 um
1188 3217 1290 3271 nmen
1304 3231 1344 3271 an
1422 3291 1423 3294 Ἴ

72 3299 199 3340 ormaern
233 3299 279 3340 rm
320 3299 328 3337 1
373 3299 434 3342 nn
450 3299 617 3340 occurren.

108 3459 167 3524 lit
205 3457 249 3526 G.
276 3453 586 3526 Alexandrina
609 3459 697 3540 (Del.
719 3457 771 3526 Fl.
790 3457 845 3539 hg.
865 3459 942 3536 373,
963 3460 1026 3526 tab.
1047 3461 1099 3538 te,
1115 3461 1167 3542 dy.
1190 3461 1225 3545 8')
1247 3462 1350 3547 papil-

66 3547 337 3624 losa-canescens,
350 3547 443 3613 caule
459 3553 569 3614 erecto
583 3547 751 3614 interdum
769 3546 966 3616 brevissimo
983 3550 1214 3633 monocephalo
1227 3553 1349 3634 sapius

68 3636 266 3703 divaricatim
294 3636 510 3716 s-c-ramoso,
535 3637 620 3704 loliis
648 3637 847 3704 radicalibus
867 3638 1025 3705 rosulatis
1050 3639 1196 3706 flaccidis
1219 3643 1254 3706 in
1279 3658 1351 3724 seg-

63 3729 169 3790 menta
185 3724 360 3808 inaequalia
378 3723 516 3807 oblonga
532 3727 584 3792 vel
603 3725 741 3792 obovata
759 3725 875 3791 obtusa
894 3727 1021 3793 niivrute
1038 3730 1352 3798 mucronato-denti·
1377 3716 1387 3752 ¹

65 3815 167 3879 colata
185 3811 347 3898 pinnatim
360 3815 413 3879 vel
429 3813 689 3900 subbipinnatim
706 3815 815 3894 sectis,
828 3815 1059 3899 superioribus
1071 3822 1104 3884 et
1119 3819 1241 3885 rameis
1257 3819 1354 3886 dimi·

73 3903 156 3968 vlutis
175 3902 368 3969 auriculatis
389 3903 666 3981 sinuato-lebetis,
687 3903 841 3988 capitulis
863 3905 904 3972 ad
922 3923 1089 3972 ramorum
1109 3909 1352 3976 extremitatem

72 3993 121 4056 es
138 3991 287 4057 breviter
306 3992 538 4076 pedunculatis
557 3994 747 4077 majusculis
761 3991 989 4076 subrotnndis‚
1008 3995 1171 4062 involucri
1189 3997 1354 4081 glabrius·

67 4081 130 4146 culi
148 4081 271 4166 phyllis
288 4081 445 4147 coriaceis
462 4083 608 4148 enerviis
625 4083 658 4147 in
676 4083 804 4166 spinam
822 4082 963 4150 albidum
980 4083 1216 4152 validissimam
1235 4089 1354 4153 canali·

67 4169 204 4238 culatam
226 4169 381 4238 flosculos
398 4177 610 4254 superantem
633 4171 703 4238 basi
720 4171 877 4256 utrinque
899 4173 1057 4256 pinnatim
1070 4175 1263 4243 utbreviter
1282 4178 1356 4242 3-4·

74 4259 272 4340 spinulosam
291 4257 501 4336 abeuntibus,
520 4260 643 4345 phylhs
661 4265 788 4329 vaurms
808 4260 994 4329 mermibus
1010 4263 1191 4346 appendice
1211 4265 1357 4332 scariosd

71 4346 185 4412 laceri.
196 4346 343 4414 llosculis
361 4347 737 4427 luteo-luscescentibus,
755 4352 899 4418 acheniis
913 4351 1024 4434 parvis
1044 4351 1356 4422 albida-virentibus

72 4435 347 4504 lusco-maculatis
367 4437 470 4503 calvis
490 4437 533 4523 fi)
554 4438 606 4504 vel
633 4447 680 4513 tt.

107 4545 181 4600 Hab.
195 4545 225 4600 in
244 4544 363 4602 incultis
377 4549 405 4602 et
423 4545 570 4602 cuderetis
584 4547 696 4622 Egypti
709 4550 747 4606 ad
760 4550 972 4608 Alexandriam
986 4549 1075 4620 (Deli,
1090 4550 1182 4606 Cedet
1201 4551 1236 4607 de
1250 4553 1359 4610 Fonte·

74 4621 151 4688 coyt,
164 4615 283 4672 Santarl
296 4616 413 4687 Gailll).
426 4617 469 4673 Fi.
484 4619 589 4691 Aprili.
1163 4695 1199 4749 44
