3078 5168
30 371 87 412 agn,

20 429 84 527 53.
209 428 265 486 112
744 447 955 489 vicensinum.
1278 436 1490 497 Valeo-tancila.

35 542 42 567 s

17 558 82 652 1),)
207 571 296 639 saepe
315 555 521 640 inaequaliter
540 555 650 622 bifidis
668 557 984 623 uncinata-cristatis
1004 565 1053 637 Θ.
1078 559 1108 625 V.
1128 558 1297 626 discoidcc
1310 560 1398 627 Lois.
1418 561 1494 627 Nol.

89 665 90 668 ¹
212 645 284 708 118.
305 645 347 712 lc.
362 645 454 710 Krolr
472 644 536 710 tub.
554 644 608 728 IV,
626 645 678 728 fig.
701 647 806 711 111-
833 644 863 711 V.
877 645 1020 711 Locusta
1038 666 1109 713 cor.
1129 647 1295 714 discoideo
1309 651 1347 716 L.

244 766 321 822 Hah.
335 769 366 823 in
380 767 467 824 cultis
487 768 677 824 inferioribus
692 773 721 824 et
731 768 865 824 herbidis
878 771 1037 842 montanis,
1051 770 1168 827 Graecia
1180 773 1212 827 in
1224 775 1330 829 Attica.
1344 773 1497 867 Argolide,

88 861 90 888 ³
208 835 339 894 Laconia
348 839 459 964 (Sfrun
468 842 474 893 l
484 839 571 894 Boiss
579 842 608 910 1),
618 841 699 910 regio
719 841 865 913 superiori
878 843 988 897 montis
1001 841 1230 898 onionssaeotiae
1242 833 1497 918 etOEboscerha·

209 907 300 964 loniae
324 909 382 979 (He
397 911 471 980 drll,
494 910 584 969 Creta
610 909 735 981 (Raull),
761 912 851 968 Archi
873 912 976 984 alagus
1003 912 1105 985 (oliv,
1120 913 1212 984 Usu),
1227 914 1364 986 Byzantii
1378 917 1496 988 (Noas),

208 979 345 1052 Smyrnae
361 981 429 1050 (Bal
438 984 466 1052 1),
479 983 511 1036 in
522 982 655 1038 Caucaso
669 983 800 1038 indicata
810 999 841 1039 se
875 984 962 1040 valde
975 983 1076 1040 dubia.

244 1093 293 1147 ir.
309 1092 413 1162 liecur-
432 1091 553 1163 Europa
576 1067 862 1148 australisaGallia
873 1092 1089 1150 mediterranea
1113 1093 1152 1150 ad
1176 1093 1371 1166 Dalmatiam,
1395 1095 1497 1152 Africa

91 1175 93 1180 ’
210 1161 348 1231 borealis,
361 1162 491 1218 Medera.

254 1365 306 1428 10.
331 1362 379 1428 V.
406 1362 665 1430 obtusiloba
683 1361 928 1446 (BelesDisgn.
949 1362 1020 1428 Ser.
1038 1362 1061 1440 Ι,
1086 1363 1116 1444 3,
1129 1383 1157 1445 μ.
1178 1363 1237 1447 59)
1253 1364 1498 1448 infernepube·

208 1452 293 1532 rula,
310 1451 402 1518 caule
420 1469 565 1536 superne
583 1451 776 1530 dichotomo‚
792 1451 887 1516 foliis·
902 1452 1114 1518 inferioribus
1132 1452 1328 1536 spathulalis
1355 1453 1497 1536 integris

208 1540 261 1608 vel
287 1541 429 1608 dentatis
458 1540 687 1624 superioribus
720 1539 901 1607 linearibus
935 1540 1072 1622 integris
1101 1541 1154 1609 vel
1179 1541 1249 1607 basi
1275 1542 1496 1626 pinnatifidis,

208 1630 360 1713 capitulis
377 1629 566 1714 peucissoris
585 1628 688 1695 dense
706 1629 860 1712 globosis
885 1629 1026 1695 bracteis
1050 1630 1310 1696 membranaceis
1330 1631 1497 1698 orbicula-

89 1759 90 1762 ,
208 1717 252 1783 tis
271 1719 408 1800 magnis,
424 1719 534 1784 iruclu
551 1718 690 1783 deciduo
714 1718 1014 1798 obconicotrigono
1038 1719 1153 1784 villoso
1172 1718 1279 1784 antica
1295 1724 1328 1785 et
1346 1737 1498 1803 superne

208 1805 333 1873 foveali
351 1807 587 1889 obtriangulari
599 1806 717 1889 obsito,
732 1806 848 1873 loculis
867 1806 1037 1874 sterilibus
1052 1807 1152 1874 fertili
1170 1806 1421 1892 suhaequalibus
1442 1810 1497 1877 vel

208 1892 391 1977 latioribus,
413 1896 533 1979 calycis
556 1895 656 1960 limbo
681 1896 930 1962 membranaceo
948 1895 1066 1963 eximie
1091 1896 1263 1964 reticulato
1293 1901 1402 1963 rotato
1421 1919 1499 1983 cap·

207 1983 280 2050 suli
306 1985 567 2068 sesquilongiore
603 1989 636 2050 ct
666 1984 831 2050 multoties
867 1985 983 2051 latiore
1009 1985 1099 2052 intus
1128 1986 1256 2051 hirsuto
1282 1985 1323 2051 ad
1347 1987 1499 2054 medium

206 2073 490 2140 sinuato-sexlobo
506 2073 589 2139 iobis
615 2073 988 2155 ovato-triangularibus
1014 2075 1143 2141 obtusis
1168 2074 1261 2158 apice
1281 2076 1499 2143 3111ηοί1111-

206 2159 491 2228 leto-mucronatis
523 2169 572 2239 Θ.
606 2161 650 2226 lc.
683 2162 775 2228 Krok
810 2161 874 2226 tub.
895 2161 951 2244 IV,
987 2163 1040 2246 fig.
1062 2164 1114 2229 38.
1147 2201 1188 2212 -
1221 2163 1324 2230 Fectio
1352 2169 1500 2231 acervata

4 2245 47 2340 {⁸3
87 2265 89 2268 ·
207 2247 340 2317 Hochst.
359 2256 392 2315 et
410 2250 456 2317 St.
476 2251 509 2316 iu
524 2250 663 2316 Fleisch.
683 2269 752 2316 cxs.

12 2365 26 2388 ”³
243 2377 321 2432 Hah.
337 2378 367 2432 in
381 2375 461 2431 valle
474 2376 616 2432 Giacomo
632 2375 671 2431 ad
684 2375 796 2431 radices
809 2375 919 2430 montis
930 2375 1040 2432 Kerata
1052 2392 1144 2450 prope
1154 2376 1277 2432 Eleusin
1287 2379 1395 2434 Atticae
1408 2381 1501 2436 raris·

207 2448 282 2504 sime
294 2449 400 2520 (Heldr
409 2451 436 2518 1),
455 2447 555 2503 insuit
567 2447 641 2502 Chio
654 2445 750 2519 (Orph
760 2449 790 2515 1),
811 2447 917 2502 Rhodo
935 2447 974 2502 ad
986 2447 1118 2503 Trianda
1127 2447 1274 2574 [Bourffll
1290 2450 1365 2506 Asia
1378 2451 1500 2508 minora

205 2520 314 2588 (Auch.
331 2519 403 2575 2070
413 2521 442 2588 1),
455 2519 487 2573 in
499 2517 628 2574 collibus
638 2517 773 2588 Smyrnae
784 2517 822 2573 ad
835 2517 1010 2574 Bournabat
1021 2519 1168 2588 (Fleisch,
1182 2519 1227 2574 Ba
1244 2561 1249 2570 .
1263 2519 1318 2575 230
1326 2523 1356 2590 l),
1370 2522 1499 2580 umbro-

168 2609 169 2613 *
205 2590 249 2645 sis
260 2592 363 2646 Cadmi
377 2607 466 2662 supra
480 2589 624 2646 Denisleh
640 2589 671 2643 in
688 2588 775 2671 Caria
789 2587 922 2714 (Bonis,
933 2605 1027 2660 prom.
1037 2590 1137 2661 Alaya
1149 2590 1340 2663 Pamphyliae
1353 2591 1498 2664 (Heldri),

205 2661 286 2718 valle
299 2662 456 2732 Bargoutic
472 2661 579 2716 Libani
598 2675 690 2732 supra
702 2659 842 2716 Sidonem
858 2659 897 2730 (B
924 2661 946 2729 ).

241 2773 357 2829 Corona
372 2772 506 2844 calycina
519 2772 652 2827 maxima
661 2770 750 2826 diam.
763 2771 813 2827 4-4
822 2771 854 2834 ¹l2
871 2769 923 2825 lin.
934 2769 1002 2825 lata.

249 2986 301 3048 tl.
320 2982 367 3048 V.
391 2981 615 3048 vesicaria
635 2979 764 3066 (Willd.
786 2979 842 3065 Sp,
866 2982 890 3062 Ι,
910 2999 941 3063 p.
964 2981 1036 3063 183,
1052 2981 1115 3046 sub
1146 2979 1335 3065 Valeriana]
1357 2983 1498 3052 inferne

203 3071 349 3139 tenuiter
365 3071 550 3156 pubescens
570 3075 604 3135 et
615 3068 758 3136 ciliatula
773 3089 793 3135 a
809 3069 881 3136 basi
897 3070 951 3136 vel
974 3087 1119 3153 superne
1131 3073 1259 3136 tantum
1282 3071 1500 3140 divaricatim

10 3135 22 3144 Η
106 3165 108 3172 ’
204 3180 346 3244 ramosa,
380 3160 466 3227 foliis
493 3165 618 3227 remote
646 3157 788 3226 dentatis
821 3157 1123 3225 intermediis-basi
1155 3177 1243 3243 sape
1272 3161 1500 3246 pinnatitidis,

203 3252 308 3333 cymis
325 3249 514 3334 paucissoris
527 3249 676 3332 capilatis
693 3246 826 3314 demum
849 3247 1003 3330 globosis,
1027 3248 1167 3314 bracteis
1191 3247 1323 3332 oblique
1345 3250 1499 3319 cordatis

204 3338 463 3406 membranaceis
479 3337 607 3416 ciliatis,
628 3337 736 3403 fructu
755 3337 902 3404 breviter
920 3334 1075 3403 obconico
1090 3338 1323 3404 villosoanlice
1341 3339 1383 3404 ad
1395 3339 1498 3407 basin

205 3427 298 3494 limbi
313 3428 440 3493 foveali
458 3425 635 3491 orbiculari
667 3425 783 3506 obsito,
810 3425 924 3491 loculis
944 3425 1113 3493 sterilibus
1130 3426 1231 3494 fertili
1254 3427 1419 3510 aequilatis
1443 3430 1499 3496 vel

205 3515 377 3584 latioribus
398 3515 500 3598 septis
530 3515 732 3580 transversis
757 3513 923 3580 interdum
950 3513 1126 3599 bipartitis,
1146 3515 1265 3598 calycis
1285 3515 1385 3582 limbo
1403 3519 1500 3586 vesi·

203 3607 292 3672 cnrio
309 3601 571 3687 globoso-inflato
591 3603 735 3668 tenuiter
757 3601 928 3669 reticulato
951 3604 1114 3686 puberulo
1140 3605 1275 3688 capsula
1291 3605 1445 3687 longiore
1464 3615 1499 3676 et

204 3696 326 3762 latiore
339 3695 429 3776 spice
441 3695 556 3775 aperto
573 3696 605 3756 et
621 3691 808 3757 umbilicum
822 3691 1042 3759 dentibussex
1052 3694 1163 3776 parvis
1175 3693 1501 3776 triangulari-subu-

202 3784 277 3851 latis
296 3785 479 3850 introrsum
495 3779 627 3846 inflexis
649 3786 698 3858 Θ.
724 3779 928 3846 Vossianus
944 3782 1067 3848 Maenclr
1083 3782 1179 3848 Metlr.
1201 3783 1276 3847 les.
1295 3820 1335 3830 -
1365 3783 1411 3850 lc.
1444 3787 1497 3855 Fl.

203 3871 307 3940 Grac.
338 3873 402 3938 tab.
440 3873 492 3936 sl.
524 3905 561 3916 -
596 3870 687 3936 Krolr
713 3877 735 3937 t.
764 3870 817 3948 IV,
847 3871 973 3952 11319.
998 3907 1043 3916 -
1081 3871 1282 3938 uuocmta
1304 3889 1375 3938 our.
1405 3877 1500 3942 oesi-

202 3963 298 4027 corc'c
315 3963 352 4027 L.

238 4086 314 4140 Hab.
328 4087 358 4140 in
371 4085 458 4140 cultis
469 4081 615 4138 dereliciis
629 4085 657 4138 et
670 4082 798 4138 collibus
811 4081 1090 4154 Argolidis,Attlcae,
1105 4083 1226 4140 Baeotiee
1239 4085 1364 4158 (Sprunl
1381 4087 1497 4148 Boisst
1513 4127 1521 4146 ,

201 4155 330 4226 Heldrt),
344 4157 437 4210 Cretae
460 4155 607 4224 (Pomm),
621 4154 695 4210 Chio
718 4155 857 4226 (Orpbl),
870 4154 968 4210 Rhodi
989 4154 1138 4226 (Bourgl),
1153 4155 1257 4226 Lydiae
1270 4157 1309 4212 ad
1322 4157 1497 4230 Smyrnam

217 4227 317 4284 Boiss!
332 4227 422 4298 Ball),
442 4225 630 4298 Pamphyliae
652 4225 800 4296 (Bostari),
820 4225 899 4296 Phry
923 4225 959 4280 iae
983 4225 1020 4280 ad
1042 4224 1167 4281 Onchak
1190 4231 1219 4284 et
1243 4227 1355 4283 Ciliciae
1382 4230 1498 4305 (Ball),

201 4229 295 4370 &ypsi
308 4298 367 4368 (Ky
375 4301 402 4368 1),
416 4298 509 4368 Syriae
523 4297 560 4353 ad
574 4297 629 4352 Ale
650 4311 689 4369 po
703 4295 877 4367 (Haussk.),
899 4239 1037 4352 fictoralis
1057 4296 1151 4366 (Gaill
1161 4299 1189 4367 1),
1212 4297 1326 4354 Libano
1340 4300 1379 4356 ad
1403 4301 1498 4362 Eden

200 4369 286 4452 (Bll),
300 4369 473 4425 Antilibano
486 4367 580 4438 (Gsill
590 4369 621 4438 1),
630 4313 781 4424 Belemina
793 4365 926 4437 (Belesi),
940 4366 1056 4423 deserto
1068 4367 1188 4432 Syriaco
1203 4367 1252 4438 (iil
1261 4371 1281 4440 1)
1294 4371 1324 4426 et
1347 4371 1433 4428 Meso

201 4440 461 4583 ffllffiggssaUSSk
470 4443 499 4512 l),
516 4439 617 4496 Persia
637 4439 760 4526 australi
778 4439 815 4494 ad
833 4437 957 4494 Dalechi
972 4438 1042 4510 (Ky.
1057 4427 1137 4509 1681)
1157 4445 1186 4495 et
1203 4440 1318 4497 boreali
1335 4441 1373 4498 ad
1390 4390 1497 4503 Tafis]

236 4623 282 4676 Ar.
299 4621 400 4691 [ieeur.
412 4619 521 4684 Sicilia,
535 4619 566 4674 in
577 4615 677 4674 Gallia
690 4631 780 4690 prope
791 4615 966 4686 Massiliam,
981 4619 1080 4674 sedan
1094 4623 1279 4692 spontanea?
