3078 5168
27 995 86 1084 3

36 1062 50 1073 ..

736 429 946 472 venusinum.
1268 411 1483 471 Valerr'anella.

38 517 95 608 ,5³
193 534 413 606 campanulato,
435 535 524 661 alffius
537 535 710 660 praesertim
740 535 848 593 loculis
876 535 1026 593 sterilibus
1048 535 1139 593 fertili
1153 535 1278 593 dimidio
1294 538 1413 592 tantmn
1433 549 1493 590 nec-

196 604 349 688 multoties
370 619 466 676 angus
491 605 535 662 ori

36 689 131 748 jer-,j
196 687 334 732 minores.

558 621 601 678 us,
623 620 684 662 non
709 605 914 664 fililormibus.
938 607 1064 665 Fructus
1086 609 1129 666 eis
1160 607 1189 663 V.
1203 607 1356 665 normate
1374 605 1492 678 saepius

385 809 402 877 ἶ
438 845 453 876 '
491 848 610 920 Calycis
624 849 738 907 limbus
750 851 782 907 in
796 855 854 908 tres
866 851 990 908 lacinias
1010 850 1291 924 aequalaspartitus.

241 1001 272 1065 n,
295 997 341 1067 V.
358 997 579 1084 Triplaris
597 1000 718 1085 (Boias.
736 1006 769 1068 et
786 997 897 1068 Buhse
909 999 1004 1068 Aula.
1025 1019 1056 1086 p.
1071 1001 1107 1086 3)
1122 995 1489 1084 glabriusculapumila

27 1092 71 1160 :f
92 1105 93 1110 ¹
196 1087 288 1156 caule
304 1107 323 1153 a
342 1087 413 1154 basi
432 1088 544 1155 stricte
561 1089 745 1156 dichotomo
762 1091 967 1174 corymboso,
993 1089 1080 1156 soliis
1109 1088 1247 1171 integris
1266 1083 1493 1152 inferioribus-

31 1182 86 1236 ’ἧκ’
194 1175 344 1260 oblongis
357 1177 495 1244 summis
514 1177 705 1261 linearibus,
722 1179 826 1263 cymis
846 1177 940 1258 laxis,
965 1179 1067 1245 ramis
1096 1177 1277 1245 fructiferis
1296 1175 1488 1242 subincras-

21 1262 62 1327 a?
80 1339 93 1346 ,Α
195 1266 276 1333 satis
289 1267 450 1348 angulatis
464 1266 656 1349 bagillimis,
674 1269 815 1335 bracteis
832 1266 1170 1351 oblongo-linearibus
1183 1265 1288 1333 acutis
1301 1261 1488 1343 herboreis,

193 1355 358 1422 fructibus
376 1355 501 1422 minute
527 1355 699 1438 puberulis
715 1355 905 1440 cylindriois
936 1355 1030 1422 duris
1047 1356 1153 1423 antica
1177 1355 1270 1422 sulco
1290 1355 1436 1436 angusto
1453 1355 1489 1416 et

193 1442 268 1510 basi
284 1442 390 1527 gibbis
406 1443 494 1510 binis
509 1444 773 1527 prominentibus
785 1445 969 1526 instructis,
989 1445 1089 1512 limbo
1115 1445 1235 1528 calycis
1255 1439 1489 1528 patellaelormi

194 1533 336 1598 adhesin
351 1550 458 1616 usque
470 1533 505 1600 in
521 1537 592 1599 tres
602 1534 736 1601 lacinias
747 1535 870 1619 (rarius
885 1534 915 1616 l,
932 1535 986 1602 vel
1004 1531 1049 1618 l),
1061 1533 1269 1618 subaequales
1288 1532 1393 1598 duras
1407 1527 1490 1594 reti·

193 1621 318 1689 solatas
336 1639 453 1703 opacas
467 1620 767 1705 oblongo-lineares
784 1621 1015 1690 obtusissimus
1038 1622 1187 1705 margine
1203 1635 1352 1704 superne
1371 1616 1489 1684 brevi·

192 1713 247 1775 ter
266 1711 481 1776 denticulatus
496 1710 630 1794 capsula
649 1711 879 1795 sublongiores
891 1713 1023 1797 partito,
1044 1711 1158 1779 loculis
1174 1709 1346 1777 sterilibus
1369 1706 1491 1775 filifor·

0 1789 88 1901 s,
193 1797 304 1864 mibus
320 1805 368 1878 Θ.
388 1799 430 1865 lc.
447 1799 538 1865 Krolr
551 1803 572 1864 t.
590 1798 616 1882 l,
635 1800 686 1884 lig.
712 1803 756 1866 10.

228 1908 305 1964 Hab.
326 1909 357 1964 in
379 1910 531 1966 montibus
555 1911 665 1967 Persioe
689 1912 852 1983 orientalis,
873 1928 963 1985 prope
988 1911 1119 1982 Rischm,
1137 1911 1209 1968 Jezd
1224 1910 1487 1982 (Buhsel)‚prope

193 1978 356 2051 Solialrrud,
368 1979 544 2038 Ssertschah
556 1985 586 2038 et
598 1983 629 2038 in
648 1985 710 2039 toto
723 1983 840 2040 ambitu
857 1983 965 2040 deserti
977 1983 1080 2054 magni
1099 1983 1209 2055 (Bgel),
1222 1984 1254 2040 in
1264 1982 1436 2054 Affghania
1448 1978 1489 2035 ad

71 2063 74 2070 ⁴
194 2049 439 2122 anonymam).

229 2145 332 2202 Herba
353 2145 575 2218 alr-polliceris,
597 2147 719 2220 capsula
735 2149 752 2204 1
767 2148 871 2219 'ss-1¹l2
884 2147 936 2205 lin.
956 2148 1056 2220 longa,
1070 2148 1180 2219 calycis
1192 2147 1313 2205 lacinias
1323 2145 1422 2206 l¹·=·2
1434 2144 1488 2200 lin.

4 2213 41 2287 “J
83 2245 84 2248 ¹
192 2216 292 2288 longae
304 2216 430 2273 dimidia
442 2217 523 2274 linea
531 2217 659 2274 latiores.
680 2219 785 2276 Affinis
815 2217 843 2274 V.
861 2219 1093 2291 mnptanpcntiet
1125 2215 1404 2292 Romaniano
1418 2231 1491 2288 cap·

192 2289 268 2344 sulae
281 2287 366 2358 gibbi
377 2287 523 2345 basileros
535 2292 565 2344 et
576 2288 666 2345 loculi
686 2290 799 2348 steriles
812 2290 977 2348 filisormes.

228 2471 244 2500 *
281 2469 296 2500 *
333 2469 349 2499 ·
386 2470 631 2544 Calycis‘limbus
642 2473 744 2530 brevis
756 2475 788 2529 in
799 2473 924 2530 lacinias
942 2474 992 2532 3-2
1002 2473 1095 2531 valde
1106 2474 1273 2546 inaequales
1285 2473 1420 2547 partitus
1435 2471 1490 2529 vel

594 2541 703 2601 lacinia
714 2545 803 2601 unica
813 2543 932 2601 laterali
943 2545 1070 2602 obsitus.

238 2703 269 2768 ὅ.
291 2699 338 2767 V.
356 2699 636 2770 corniculata
655 2700 747 2788 (CA.
769 2701 851 2786 lley.
869 2703 985 2771 linum.
1003 2724 1035 2788 p.
1051 2701 1108 2786 49)
1125 2704 1353 2787 glaucescenS‚
1388 2701 1491 2768 caule

192 2790 412 2857 crassiusculo
430 2791 554 2873 pumilo
573 2791 755 2859 dichotomo
770 2791 872 2858 dense
887 2797 920 2858 et
940 2793 1086 2860 breviter
1099 2793 1241 2874 hirsuto,
1256 2791 1344 2858 foliis
1357 2793 1496 2876 majus--

191 2880 274 2947 culis
291 2878 444 2945 ciliatulis
462 2878 675 2946 inferioribus
693 2880 888 2964 spathulatis
907 2881 1034 2948 caeteris
1059 2881 1237 2948 sessilibus
1252 2879 1487 2963 pinnalifitlis,

190 2969 300 3035 lructu
319 2968 421 3034 dense
441 2971 475 3033 et
498 2968 647 3034 breviter
672 2967 799 3034 hirsuto
827 2975 965 3052 anguste
990 2969 1181 3052 cylindrioo‚
1211 2969 1320 3035 antice
1339 2971 1491 3051 anguste

191 3057 315 3123 sulcato
325 3056 396 3122 basi
416 3075 482 3123 non
501 3055 647 3138 gibboso,
664 3056 783 3139 calyois
797 3055 895 3124 limbo
917 3058 1083 3143 tripartito
1109 3057 1237 3125 laciniis
1254 3061 1492 3142 erecto-patu-

189 3145 231 3211 lis
251 3145 378 3229 postici
394 3150 428 3211 et
448 3145 632 3211 lateralium
659 3145 763 3212 alteri
788 3145 1191 3228 triangulari-lanceolatis
1215 3146 1337 3224 acutis
1372 3146 1490 3212 altera

190 3233 290 3318 duplo
308 3231 455 3316 longiore
472 3233 617 3317 capsulae
645 3233 838 3316 equilonga,
854 3235 971 3301 loculis
991 3235 1163 3302 sterilibus
1193 3234 1412 3302 fililormibus
1431 3235 1489 3320 Θ.

188 3320 608 3404 nummulario.

223 3431 302 3488 Hah.
311 3431 343 3487 in
362 3429 596 3487 Transcaucasra
608 3444 699 3502 prope
710 3429 796 3486 Baka
810 3431 981 3501 [C.A.Meyl
993 3430 1151 3504 Seidlital).

231 3543 290 3628 (it.
314 3541 527 3608 denticulato.
565 3539 760 3607 -Lacinia
790 3541 984 3609 intermedia
1022 3543 1119 3610 latior
1152 3543 1300 3626 brevior,
1333 3544 1497 3611 lateralis-

187 3633 292 3716 magis
309 3636 425 3716 pateus
438 3632 530 3714 apice
550 3629 758 3696 denticulata.

220 3737 300 3799 Hah.
314 3741 346 3797 in
358 3741 458 3797 littore
471 3739 610 3797 orientali
623 3738 722 3811 Caspii
733 3739 773 3795 ad
787 3739 1008 3796 Beschbarmak
1020 3739 1128 3812 (Turcz
1135 3741 1167 3810 1).

220 3837 339 3910 Species
352 3851 417 3892 exs
440 3833 813 3904 eciminibusjuvenilibus
825 3831 972 3906 descripta
988 3833 1040 3890 sed
1059 3834 1247 3907 indumento,
1267 3835 1353 3894 loliis
1369 3841 1492 3897 ma'us-

185 3909 261 3966 culis
276 3906 413 3980 pinnatili
437 3907 460 3960 's
473 3907 502 3960 et
514 3903 601 3960 limbi
615 3901 742 3974 calycinl
762 3904 877 3960 laciniis
890 3905 986 3960 acutis
1000 3907 1226 3990 asequentibus
1239 3903 1400 3966 distincta.
1444 3927 1500 3968 ar..

185 3979 213 4054 β.
226 3995 265 4037 ax
274 3978 362 4034 unico
382 3976 544 4060 specimine
557 3974 615 4031 sub
628 3975 748 4030 nomine
765 3974 1025 4047 temporaneae
1036 3991 1130 4033 mrsso
1144 3978 1220 4034 milri
1236 3980 1311 4034 nota
1321 3985 1372 4038 est
1381 3982 1493 4039 forsan

184 4051 299 4124 species
311 4063 433 4122 propria
454 4045 486 4102 V.
498 4045 693 4104 combulatca
704 4044 878 4102 etdiodentc'
886 4047 1071 4102 intermedia.

229 4220 261 4285 6.
285 4217 333 4284 V·
357 4213 681 4301 oxyrrhyncha
703 4211 749 4298 (F.
764 4217 796 4279 et
812 4211 853 4278 ll.
872 4211 943 4277 lnd.
956 4211 1011 4294 IV,
1027 4214 1163 4301 Petrop.
1184 4235 1217 4300 p.
1237 4217 1298 4303 51)
1314 4219 1495 4302 glabrius·

182 4309 256 4377 cula
283 4305 325 4372 ad
353 4305 464 4373 caules
493 4303 691 4386 scabridula,
710 4300 915 4367 divaricatim
941 4300 1124 4370 dichotoma
1155 4307 1372 4392 corymbosa‚
1398 4309 1495 4378 loliis

181 4394 331 4478 oblongis
356 4397 388 4460 et
414 4389 751 4476 oblongo-linearibus
769 4387 908 4470 integris
931 4389 983 4454 vel
1002 4387 1215 4459 intermediis
1239 4392 1315 4462 basi
1335 4397 1494 4466 dentatis

182 4489 241 4553 aut
257 4482 382 4567 incisis,
401 4482 503 4548 ramis
530 4480 711 4546 fructiferis
737 4477 794 4543 vix
811 4476 1013 4558 incrassatis,
1033 4479 1196 4547 fructibus
1214 4482 1250 4549 in
1269 4483 1494 4554 dichotomiis

182 4571 341 4642 solitariis
360 4575 394 4638 et
412 4569 643 4638 terminalibus
659 4566 733 4632 laxe
752 4563 894 4648 cymosis
913 4569 1050 4646 anguste
1076 4568 1271 4650 cylindricis
1297 4573 1497 4656 puberulo·
