3054 5172
224 443 279 500 cta
740 461 1004 502 caueauccaceas.
1303 444 1479 517 Catapomata

276 569 348 633 tac.
376 569 418 636 G.
437 567 722 636 sidoniensis
743 569 868 653 (Boiss.
893 575 924 636 et
948 571 997 636 Bt.
1026 570 1140 652 Diagu.
1170 567 1242 634 Ser.
1265 567 1306 645 li.
1326 570 1354 634 3.
1379 587 1404 650 p.
1425 568 1483 645 llll

225 663 339 724 lettera
351 658 476 724 viridis.
495 659 704 732 caulibusad
721 661 859 741 angulos
878 665 990 726 accitos
1009 677 1106 743 parce
1128 666 1161 724 et
1181 665 1365 724 retrorsum
1383 658 1483 722 scabri·

227 746 278 812 dis
296 746 439 814 flaccidis
452 746 687 814 scandentibus
702 748 862 815 flexuosis
876 770 892 814 a
907 756 1002 833 parte
1014 749 1161 814 interiori
1175 749 1249 812 laxe
1264 747 1483 824 ramosissimis,

226 836 312 902 loliis
327 839 450 904 teneris
471 837 616 918 margine
636 837 797 902 scabridis
814 845 968 904 caeterum
988 837 1111 920 glabris
1133 837 1276 903 crenatis
1299 834 1483 900 interioribus

226 926 332 991 oratis
363 926 523 1007 petiolalis
550 926 780 1010 superioribus
803 926 974 992 diminutis
999 926 1160 1008 oblongis,
1187 925 1382 1009 pedunculis
1401 924 1482 1004 iungis

225 1015 395 1082 flexuosis
413 1016 532 1096 calpcis
550 1015 676 1082 laciniis
696 1016 758 1081 late
779 1023 810 1080 et
839 1017 984 1082 breviter
1002 1013 1323 1082 lineari-lanceolatis
1339 1013 1482 1080 trineruiis

60 1105 61 1112 ’
115 1171 118 1180 ,
225 1104 349 1184 glabris
367 1105 416 1168 rel
434 1105 551 1170 cilialis
576 1104 654 1170 tubo
672 1105 891 1188 albo-hispido
911 1105 1159 1187 hemisphaerica
1177 1104 1275 1186 triplo
1295 1101 1483 1185 longioribus,

225 1194 347 1258 corolla
374 1200 486 1274 aperte
515 1194 981 1261 obconico-inlundibulilbnni
1013 1195 1054 1260 ad
1083 1195 1214 1260 tertiam
1245 1198 1372 1274 partem
1400 1191 1483 1255 luban

225 1284 335 1364 calyce
349 1282 444 1347 tertia
462 1290 553 1364 praete
569 1284 725 1364 longiore.
735 1283 870 1366 capsula
882 1283 1015 1366 globosa
1028 1283 1067 1348 ad
1079 1299 1201 1348 nervos
1218 1282 1366 1348 setulosa
1382 1279 1482 1345 laciniis

224 1371 679 1454 auctisellipticolinearibus
689 1371 1266 1456 erecto-patulissesquilougioribus
1279 1373 1429 1454 superati
1447 1373 1482 1446 Θ.

222 1471 339 1597 FlHffila
352 1470 389 1525 ad
403 1486 488 1545 sepes
502 1478 531 1527 et
545 1488 644 1528 muros
657 1472 900 1542 vetustos-Syriae
916 1472 1056 1544 littoralis
1068 1473 1144 1528 circa
1157 1469 1300 1526 Sidonem
1317 1469 1376 1535 (ΒΗ
1388 1467 1476 1525 Gailltl

262 1585 266 1593 .
313 1559 370 1598 aro.

262 1625 421 1698 Bipedalis.
434 1629 608 1684 flacciditate
622 1631 650 1684 et
663 1628 733 1701 pilis
748 1629 883 1684 retrorsis
898 1627 935 1682 ad
950 1627 981 1683 C.
996 1635 1163 1684 retrorsum
1180 1625 1332 1694 accedens,
1353 1623 1400 1680 sed
1415 1621 1482 1676 ralia

224 1695 364 1754 distincta
378 1699 457 1754 loliis
472 1700 684 1757 obtusioribus.
697 1699 820 1754 lloribus
833 1698 926 1772 duplo
938 1700 1111 1765 micernius,
1120 1697 1232 1769 calyeis
1243 1698 1317 1751 tubo
1329 1695 1481 1766 hemisphe-

224 1768 285 1823 rico
300 1770 474 1840 laciniisoue
490 1771 673 1828 abbreviatis
687 1771 845 1826 trin'erviis.

273 1950 343 2013 tas.
368 1947 410 2016 G.
435 1947 669 2033 iastigiata
688 1947 739 2031 (L.
761 1948 835 2014 Dui.
849 1948 882 2012 in
896 1947 933 2012 ΑΙ
940 1946 1062 2030 planu.
1075 1946 1160 2012 lion.
1177 1944 1290 2028 Camp.
1304 1964 1334 2027 p.
1346 1945 1414 2008 illl.
1430 1940 1479 2005 tab.

227 2038 284 2120 la)
305 2039 476 2104 carnosula
497 2037 605 2119 grisea
628 2057 712 2104 nana
731 2045 838 2104 erecta
854 2057 871 2102 a
890 2035 973 2102 collo
998 2035 1180 2102 diclrotome
1207 2039 1237 2098 el
1268 2033 1378 2100 stricte
1396 2048 1483 2098 ramo·

192 2189 193 2196 ,
224 2126 354 2192 sissima
375 2127 546 2208 fastigiata,
561 2127 647 2194 soliis
663 2127 800 2193 minutis
816 2125 989 2209 pubernlis
1006 2125 1058 2190 vel
1074 2125 1197 2206 glabris
1213 2123 1407 2189 radientibus
1421 2138 1482 2184 ora-

222 2217 265 2279 tis
283 2215 420 2298 integris
440 2215 679 2298 subpetiolatia
692 2216 812 2280 rameis
831 2215 1134 2296 oblongo-cuneolis
1152 2229 1268 2296 grosse
1287 2209 1481 2276 alc-dentatis

224 2307 390 2386 supremis
420 2305 715 2386 lineari-oblongis,
736 2305 874 2370 lioribus
905 2301 1143 2370 subsessilibus
1170 2301 1210 2366 ad
1239 2301 1480 2367 dicbolomiasel

223 2393 454 2474 oriposiliiuliis
470 2394 625 2460 utinimis.
642 2394 762 2476 aalydis
781 2393 905 2460 laciniis
924 2389 1247 2458 lineari-lanceolalis
1267 2387 1480 2456 obtusiusculis

222 2483 323 2546 rectis
340 2483 419 2548 tubo
440 2484 534 2564 longe
552 2483 705 2548 obcouico
731 2481 988 2563 subaeqnilongis
1013 2482 1167 2548 corollam
1187 2479 1355 2545 minimam
1373 2475 1481 2544 elnoni-

223 2587 291 2635 cam
311 2572 350 2638 ad
370 2570 389 2640 ²1
401 2622 412 2654 ³
434 2571 689 2654 uu‘iuuuelobarn
708 2571 957 2653 superantibus
981 2569 1115 2653 capsula
1136 2570 1229 2651 longe
1255 2569 1402 2636 diaconici
1422 2581 1480 2648 pro·

221 2658 323 2724 funde
344 2663 467 2726 silicata
499 2668 532 2728 et
565 2661 838 2744 quiraquecostala
863 2661 951 2743 poris
976 2678 1077 2743 prope
1096 2661 1220 2742 apicem
1240 2657 1419 2724 dehiscente
1440 2659 1478 2730 Θ-

221 2747 262 2812 ic.
283 2749 381 2832 Alplt.
402 2771 461 2816 nr..
483 2751 566 2816 bion.
585 2749 650 2816 tub.
673 2751 721 2814 lt.

257 2848 333 2903 Hab.
348 2849 378 2902 in
392 2851 471 2920 agris
485 2849 604 2904 incultis
613 2848 821 2920 (probabiliter
832 2848 1095 2921 gypsaceo·salsisl
1105 2847 1305 2920 Cappadociae
1339 2859 1403 2916 rope
1411 2842 1479 2898 fleu·

220 2917 303 2989 iretly
330 2919 411 2975 til-0¹
438 2919 544 2986 titali),
566 2920 704 2990 Georgia
728 2919 892 2976 Caucasicae
918 2921 995 2976 inter
1019 2919 1223 2975 Helenendori
1244 2921 1273 2972 et
1335 2908 1479 2984 isalretlipol

220 2990 369 3058 (liobenijl
380 2995 409 3045 et
421 2991 534 3064 probol.
549 2989 633 3045 alibi.

257 3075 358 3130 Facies
373 3074 552 3147 Enpiborba'ca
565 3076 683 3147 euripum
702 3075 751 3131 vel
772 3075 952 3132 Fi·anlcenr'ra
964 3073 1195 3148 praloenrlentre;
1215 3074 1374 3145 specimina
1390 3069 1479 3138 Hispu-

220 3146 294 3201 nicis
309 3147 426 3202 similia.

256 3231 302 3286 Ar.
317 3230 416 3301 (iacgr.
437 3230 582 3302 Hispania
595 3229 741 3286 cerrtralis.
757 3229 853 3284 Africa
867 3229 995 3285 borealis
1011 3229 1138 3285 interior.

264 3416 391 3498 Species
404 3435 444 3480 er
457 3415 674 3497 descriptione
687 3415 882 3498 incompleta
896 3435 964 3480 raon
977 3417 1248 3498 rcecpraoscendua
1262 3422 1292 3484 et
1305 3414 1441 3482 deiende.

264 3618 295 3684 d.
314 3618 468 3684 scabrida
485 3619 631 3690 (Hochst.
648 3622 682 3685 in
704 3619 834 3685 Lorent.
855 3622 945 3686 Rois.
965 3641 996 3705 p.
1018 3620 1098 3694 sall
1119 3619 1204 3686 loliis
1223 3621 1368 3702 margine
1381 3613 1477 3696 calcei·

220 3707 349 3790 busque
369 3708 726 3791 nutricellatoasperis,
746 3711 837 3776 caute
858 3709 1011 3792 angulata
1037 3727 1178 3788 ramoso,
1198 3710 1287 3776 toliis
1314 3703 1477 3774 lanceolatis

220 3797 315 3877 longe
327 3797 662 3876 atleiuialis‚ssoribus
677 3799 907 3864 terminalibus
919 3799 1088 3866 solitariis.
1099 3799 1213 3866 orario
1224 3799 1367 3880 oblongo.
1377 3791 1476 3871 calceis

219 3886 346 3951 laciniis
367 3885 662 3952 lineari-subulatis
680 3885 800 3953 corolla
823 3887 1117 3954 iniuiidibuliiormi
1139 3887 1341 3970 longioribus
1359 3881 1475 3950 taleatin

220 3972 315 4039 ilexis
343 3984 371 4047 11
391 3975 406 4038 i
423 3975 469 4039 Ex
487 3981 620 4042 auctore
637 3977 742 4042 affictis
760 3975 792 4042 C.
814 3975 1042 4057 persicifola'n.

254 4073 329 4128 Hali.
344 4073 381 4128 ad
395 4073 505 4128 Suerek
520 4073 743 4146 Mesopotamia.
756 4075 859 4144 (Lon).

264 4219 295 4284 C.
316 4221 502 4301 asperrimo
522 4223 694 4306 thrccagui
711 4224 744 4288 iu
762 4225 854 4290 Rom.
874 4225 953 4292 Coll.
975 4245 1006 4309 p.
1025 4225 1102 4310 118)
1121 4226 1204 4292 loliis
1223 4225 1356 4292 uastatis
1371 4229 1476 4286 lunien-

219 4309 300 4372 tcsis
317 4308 619 4393 dentato-spinosis
641 4311 777 4379 lloribus
803 4315 1007 4391 axillaribus
1028 4316 1159 4381 corollis
1179 4320 1277 4380 extus
1296 4307 1474 4378 tomenttsis.

220 4430 260 4440 —-
281 4397 312 4462 C.
326 4397 521 4478 ujupesolio
541 4399 660 4466 Sestini
680 4401 869 4486 in·Spreng.
892 4403 980 4487 Syst.
998 4405 1023 4472 1.
1042 4424 1070 4486 p.
1091 4405 1165 4468 isa.

255 4495 332 4551 Hab.
347 4499 377 4552 in
392 4495 509 4553 Oriente
525 4499 668 4569 {Sestinib

263 4641 295 4706 d.
315 4643 496 4710 decurrens
515 4647 688 4732 (Zuccagni
713 4650 746 4714 in
769 4649 859 4717 libna.
881 4653 969 4717 biisc.
991 4673 1024 4736 p.
1048 4654 1108 4718 tas
1132 4673 1198 4720 non
1219 4652 1270 4737 Lsl
1288 4651 1372 4718 cattle
1391 4649 1470 4712 elato.
