3108 5168
44 311 148 372 erum
569 329 738 373 nuaracnao.
1259 313 1295 372 69

43 437 213 520 longioribus
245 437 479 506 terminalibus
513 439 796 524 subponiculatis,
831 415 970 506 floribus
1003 439 1294 522 hermaphroditis,

43 528 147 594 corolla
163 527 294 594 minutae
307 527 427 596 albidae
444 527 527 594 lobis
546 528 706 612 oblongis,
727 528 897 614 pedioellis
910 529 1088 596 fructiferis
1107 528 1294 595 divaricatis

45 615 133 692 rectis,
151 617 257 682 fructu
283 619 466 702 majusculo
491 617 568 701 pilis
596 618 758 685 uncinatis
782 619 853 685 bosi
875 618 1092 685 tuberculetis
1117 618 1222 684 obsito
1244 623 1293 696 Θ.

46 704 77 769 lc.
92 703 130 769 ll.
147 704 223 770 Dno.
240 706 319 771 495.
344 743 386 754 -
404 705 699 772 asceteriorum
718 707 800 774 Vahl
819 726 882 774 nc.
898 707 1015 774 Prodr.
1034 706 1089 791 lV,
1107 727 1138 791 p.
1157 707 1232 772 608.

72 813 131 869 ilab.
145 816 173 869 in
185 815 271 872 cultis
285 819 315 872 et
327 816 462 873 dumosis
474 817 567 874 totius
580 817 701 874 ditionis
715 833 733 874 a
745 817 876 874 Graecitl
896 820 925 874 et
938 817 1114 874 Macedonia
1126 817 1164 874 ad
1177 817 1295 890 Syriam

49 885 145 954 ffloissl)
167 885 374 960 etAEgyptnm
388 889 590 960 (Schwainil)
617 903 702 963 prov.
728 888 904 946 Caucasicas
926 890 1071 961 (ledeb),
1094 888 1296 946 Belutsehiam

49 956 135 1024 (δίωκε
143 959 200 1027 Ι).Α
212 961 334 1032 regione
345 960 478 1018 inferiori
487 961 519 1017 iu
532 959 665 1033 alpinam
678 960 851 1018 ascendens.

72 1055 107 1112 lr.
118 1054 211 1127 iacgr.
231 1056 354 1128 Europa
366 1057 478 1128 omnis,
490 1057 591 1114 Africa
603 1055 741 1113 borealis.
760 1056 877 1113 Sibirta.

18 1241 20 1300 l
77 1230 118 1294 53.
138 1227 180 1296 G.
204 1231 416 1314 spurium
435 1229 487 1316 (L.
509 1229 565 1314 Sp.
589 1230 667 1314 154)
693 1229 845 1313 glabrum
870 1229 922 1297 vel
949 1229 1120 1309 hirtulum,
1147 1228 1296 1297 caulibus

18 1309 159 1384 ‘'loccidis
195 1319 435 1387 scandentibus
469 1319 706 1404 quadrangulis
749 1323 936 1386 retrorsum
970 1319 1176 1398 contentatis
1209 1319 1297 1384 foliis

48 1405 145 1472 os-nis
166 1413 307 1491 anguste
333 1407 712 1477 lanceolata-linearibus
738 1413 925 1476 retrorsum
946 1408 1146 1492 aculeataois,
1171 1408 1297 1492 pedun-

48 1494 108 1561 tolis
135 1495 326 1564 ancillaribus
359 1496 436 1564 folio
477 1498 698 1581 longioribus,
733 1497 864 1564 corollae
893 1498 1029 1565 minuta
1062 1497 1178 1563 albidae
1214 1495 1298 1562 lobis

48 1583 175 1668 oblongis,
200 1586 371 1670 pedicellis
398 1587 575 1655 fructiferis
601 1587 788 1655 divaricatis
811 1587 922 1668 rectis,
947 1587 1058 1654 fructu
1080 1587 1207 1654 minuto
1223 1583 1296 1650 laeri

46 1669 147 1756 hispido
170 1676 220 1742 rel
247 1675 364 1760 glabro
384 1681 433 1754 Θ.

77 1799 105 1881 β.
133 1799 301 1869 latitanti-i
326 1802 400 1888 (Gr.
427 1806 460 1870 et
484 1802 610 1890 Godr.).
636 1839 678 1854 -
699 1802 789 1870 Folia
815 1804 1147 1887 lineari-lanceolata,
1171 1803 1299 1872 fructus

45 1888 176 1972 hispidus.
195 1927 235 1939 -
257 1891 295 1959 G.
313 1889 461 1974 Aperlae
483 1910 555 1957 aar.
585 1891 754 1958 Vaticanus
780 1893 871 1960 Koch
906 1891 984 1977 Syn.
1003 1927 1047 1941 -
1066 1891 1103 1958 d.
1129 1890 1298 1958 Voo'ldroolo'o'

45 1995 89 2043 nc
105 1977 206 2046 fllir.
220 1981 278 2060 IV,
291 2001 322 2064 p.
337 1981 411 2047 363.
425 2016 466 2030 -
486 1980 522 2050 G.
539 1977 701 2062 infestum
712 1981 766 2048 W.
779 1983 820 2048 K.
836 1983 880 2068 pl.
893 1981 1000 2066 Hung.
1014 1981 1071 2063 lll,
1082 1980 1145 2048 tob.
1164 1981 1238 2048 303.
1253 2014 1297 2030 -

45 2064 70 2133 G.
85 2071 220 2148 segetum
240 2069 274 2136 d.
293 2071 383 2138 Kocb
412 2067 506 2138 binn.
524 2069 629 2150 XVII,
647 2090 679 2155 p.
698 2071 740 2138 33
759 2087 800 2138 ex
815 2072 904 2157 ipsol

69 2176 133 2234 Halo.
146 2179 176 2235 in
189 2180 281 2238 cultis
293 2179 393 2251 Lyciae
409 2179 446 2236 ad
460 2179 581 2238 Elmalu
594 2180 686 2251 (Bour
714 2183 737 2253 l)
763 2181 853 2255 Cypri
866 2181 927 2253 (lfy
937 2184 958 2253 J,
996 2197 1058 2238 rov.
1074 2180 1301 2238 Caucasicarum

44 2247 133 2320 (dou),
145 2250 255 2308 Persiae
270 2252 332 2308 bor.
352 2251 425 2322 (Kyl
438 2250 536 2324 Bgel),
557 2251 652 2324 Syriae
663 2197 706 2310 ag
717 2225 834 2326 dleppo
852 2255 881 2310 et
892 2254 982 2310 Ainta
1018 2252 1189 2323 (Hausslrl),
1204 2251 1300 2308 Meso·

44 2323 156 2390 potamtae
168 2322 283 2393 (Aucb.
296 2323 378 2393 7261)
390 2326 419 2380 et
430 2323 513 2396 prob.
528 2321 607 2379 alibi.

75 2447 100 2510 y.
117 2423 267 2486 tenerum
284 2419 340 2488 Gr.
361 2425 394 2488 et
414 2421 514 2490 Godr.
530 2457 572 2472 —
590 2421 680 2490 folia
699 2423 815 2489 saltem
836 2423 994 2490 inferiora
1009 2420 1301 2506 oblongo-spathu-

45 2507 91 2574 lrtr
118 2509 164 2574 rel
199 2509 355 2593 eborata,
386 2510 496 2596 plania
533 2511 660 2596 minor,
691 2511 819 2579 fructus
847 2511 998 2596 hispidus
1027 2513 1079 2578 vel
1103 2509 1226 2594 glaber.
1257 2544 1301 2560 -

44 2591 71 2662 3.
85 2599 229 2664 bonerum
250 2598 356 2666 Gaud.
383 2599 478 2666 Heln.
505 2599 535 2684 1,
552 2621 584 2685 p.
604 2601 680 2666 nlo.
700 2637 739 2648 -
762 2600 800 2668 d.
824 2598 981 2683 biflorom
1007 2607 1039 2668 et
1064 2600 1101 2668 G.
1123 2602 1303 2680 campestre

44 2682 152 2753 lfoobsl.
181 2689 217 2754 in
246 2687 389 2775 Sehimp.
421 2707 489 2757 exs.
518 2710 583 2758 non
613 2688 771 2758 Schousb.
789 2727 833 2738 -
854 2689 892 2758 d.
915 2689 1130 2770 apcrtnoides
1151 2685 1185 2754 C.
1212 2687 1301 2756 Koch

43 2767 119 2840 bun.
136 2775 239 2858 XVll,
256 2798 288 2861 p.
309 2779 350 2843 33
371 2796 412 2845 ex
429 2779 517 2863 ipsol

68 2883 135 2942 Hnb.
147 2889 178 2943 in
188 2889 341 2944 umbrosis
355 2889 513 2960 montanis,
527 2905 670 2948 cacumen
683 2889 794 2946 Parnes
807 2889 912 2946 Atticae
936 2889 1065 2959 Heldrl),
1077 2903 1164 2945 mons
1176 2891 1302 2958 Argaeus

43 2953 105 3011 3313
120 2957 216 3030 (Kyt),
242 2959 344 3016 Persia
364 2960 494 3018 borealis
514 2961 554 3017 ad
576 2960 715 3036 Djodleek
736 2961 848 3032 (Auchi
910 2961 923 2972 '
950 2960 978 3033 l),
996 2962 1103 3033 jugum
1128 2959 1302 3016 Sinaiticum

41 3021 165 3102 ltcump.
178 3030 243 3086 omo
263 3030 412 3108 natast).¹

134 3125 173 3180 'es
198 3123 236 3181 G.
262 3125 416 3198 Aparmeo
440 3126 636 3183 varietatibus
659 3143 739 3201 saepe
758 3128 953 3184 adnumerata
974 3141 993 3183 a
1015 3139 1075 3200 quo
1088 3127 1188 3182 tamen
1208 3123 1304 3182 fructu

41 3203 67 3246 on
95 3199 123 3249 to
134 3195 250 3266 minori,
262 3196 401 3252 caulibus
414 3197 602 3254 tenuioribus
615 3213 675 3256 non
689 3198 800 3255 inflatis
813 3197 932 3254 differre
948 3198 1074 3254 uidetur.

69 3287 111 3343 br.
124 3288 221 3361 deogr.
239 3289 361 3363 Europa
376 3292 473 3349 omnis
489 3308 505 3348 a
518 3291 624 3364 Dauid,
636 3291 745 3349 Siblria
759 3291 884 3363 Altaica,
897 3293 997 3350 Africa
1010 3291 1151 3350 borealis.

79 3459 127 3524 60.
148 3460 192 3530 G.
212 3461 451 3548 piniferum
482 3463 603 3550 (Boiss.
632 3465 747 3549 Diagn.
779 3465 850 3533 Ser.
867 3465 900 3546 I,
933 3468 991 3555 td,
1019 3487 1051 3553 p.
1072 3465 1131 3550 67)
1158 3483 1305 3532 annuum

45 3545 185 3633 glabrum,
208 3551 359 3618 caulibus
377 3553 535 3636 elongatis
555 3555 698 3622 floccidis
718 3555 953 3623 scandentibus
972 3559 1158 3624 retrorsum
1177 3553 1305 3620 aculeo-

44 3633 118 3714 laus,
140 3640 224 3706 foliis
241 3641 369 3708 6-7-nis
381 3644 533 3726 margine
546 3646 579 3710 et
593 3645 634 3710 ad
649 3663 791 3711 nervum
806 3649 991 3711 retrorsum
1007 3643 1163 3711 aculeatis
1181 3641 1305 3707 intimis

46 3729 349 3810 oraio-spathulatis
376 3729 503 3797 obtusis
532 3732 567 3798 in
598 3732 756 3817 petiolum
787 3734 962 3800 attenuatis
991 3731 1118 3800 coeteris
1148 3730 1305 3815 elliptico-

46 3809 216 3882 buccolatis
233 3818 427 3886 acuminatis
442 3819 512 3886 basi
524 3819 717 3904 angustatis,
735 3821 931 3906 pedunculis
946 3840 987 3889 ex
1005 3819 1112 3887 axillis
1125 3817 1305 3906 superiori·

46 3895 102 3964 bus
115 3906 404 3992 terminalibusque
431 3909 589 3992 elongatis
616 3909 805 3976 multifloris
831 3910 958 3992 pluries
985 3910 1189 3976 triobotomis
1214 3905 1307 3992 pani-

48 3989 139 4086 culum
161 3993 390 4078 formantibus,
415 3996 553 4064 floribus
578 3999 700 4084 saepius
727 3999 920 4084 polygamis‚
945 3997 1074 4066 corollae
1093 3997 1204 4065 lacteae
1221 3996 1305 4062 tobis

50 4080 148 4156 rcnbs,
159 4083 321 4164 pedicellis
333 4085 511 4152 fructiferis
524 4087 673 4155 recurvis
688 4087 797 4154 fructu
809 4089 866 4154 vix
879 4087 1091 4172 longioribus,
1103 4084 1307 4168 mericarpiis

51 4169 163 4247 magnis
178 4170 314 4251 globosis
331 4173 470 4240 laribus
491 4175 769 4259 albo-strigiltosis
786 4177 889 4244 altero
905 4176 1027 4262 saepius
1048 4175 1207 4256 abortivo,
1219 4172 1307 4257 peri·

51 4255 149 4337 tarpio
169 4258 268 4327 albido
286 4282 305 4327 a
324 4263 449 4328 semine
468 4261 574 4332 soluto
594 4271 643 4344 Θ.

83 4359 154 4418 mo.
171 4365 199 4421 in
213 4369 357 4426 umbrosis
371 4371 555 4446 ruposloibus
571 4377 601 4430 et
613 4375 651 4432 ad
664 4391 748 4448 sepes
762 4375 921 4432 Palestinae
936 4377 967 4433 in
982 4373 1119 4431 Carmelo
1138 4377 1167 4430 et
1184 4372 1213 4427 in
1227 4370 1308 4427 valle

52 4429 207 4491 Antdibaol
219 4440 287 4496 drea
301 4441 454 4516 Raseheya
467 4443 594 4516 (Boissl)
613 4445 688 4502 circa
706 4445 847 4504 Sidonem
860 4446 947 4520 (ΒΗ),
965 4449 996 4504 in
1012 4445 1103 4518 Cypri
1121 4441 1309 4514 rupastribus

53 4497 133 4573 &po
141 4505 229 4564 Greco
239 4511 302 4583 (ΚΥ.
315 4513 402 4584 1481).
422 4515 466 4572 sl.
480 4531 558 4573 vere.
