3150 5178
224 415 280 474 732
780 429 967 473 courosrra.
1329 407 1533 468 amandos.

262 533 342 618 Hah.
353 535 387 590 in
401 533 588 607 rupcstribus
604 535 726 592 Pisidiae
767 551 800 593 ro
857 551 971 618 pagum
987 533 1201 618 Tebelticktchi
1217 533 1295 590 inter
1315 529 1491 588 Bouldw
1507 531 1540 586 et

227 606 335 664 Adaha
346 607 439 663 situm
453 605 569 675 (Heldr.
586 605 625 680 pl.
637 621 698 663 ors.
714 553 772 664 suit
784 551 1105 680 Lpecaeucetloesotwp.

262 714 348 771 Folia
367 729 436 771 cum
458 714 569 787 petiole
586 715 804 790 titt-polliceris
822 715 872 774 19
890 715 944 773 lin.
962 716 1032 786 late,
1051 716 1132 789 scapi
1150 713 1248 772 12-11
1288 713 1433 769 llicares.
1454 714 1482 768 A
1501 709 1537 768 L

226 783 685 914 modgtfflffiindumento
699 787 880 844 brevissimo
898 787 1018 845 stellato
1036 785 1167 844 111111
1184 785 1247 859 phy
1260 785 1290 840 la
1311 796 1451 857 quoque
1469 797 1539 839 con—

275 1055 324 1120 10.
349 1054 391 1120 L.
412 1052 655 1124 adhaerens
671 1055 836 1142 (Fenclin
856 1057 919 1140 Ky.
939 1058 985 1142 pl.
1008 1056 1313 1141 exs.llss.]totu1n
1340 1054 1434 1138 pilis
1460 1053 1538 1121 den-

228 1142 275 1210 sis
302 1142 462 1210 brevibus
480 1143 572 1229 apice
601 1145 739 1212 stellatis
761 1163 939 1214 canescens
965 1147 1018 1213 vel
1042 1146 1208 1228 incanum,
1225 1143 1340 1210 radice
1360 1143 1536 1224 versent,

227 1231 376 1299 caulibus
401 1232 560 1300 llexuosis
578 1235 707 1300 inferne
726 1233 932 1302 divaricatim
955 1234 1168 1302 l·d·ramosis
1185 1235 1296 1302 rarius
1316 1233 1539 1300 abbreviatis

230 1321 483 1406 monocephalis‚
503 1322 589 1388 loliis
616 1327 754 1407 anguste
779 1323 967 1392 lanceolatis
997 1324 1069 1390 basi
1095 1325 1271 1392 attenuatis
1298 1321 1461 1406 integris
1488 1322 1537 1390 rel

230 1409 482 1493 paucidentatis,
509 1411 705 1495 pedunculis
734 1412 826 1496 apice
851 1413 1119 1494 subincrassatis,
1143 1411 1297 1498 capitulis
1325 1411 1540 1493 majusculis

230 1498 390 1581 virgineis
410 1499 553 1581 cernuis,
574 1501 737 1568 involucri
755 1501 877 1586 phyllis
892 1501 1074 1569 imbricatis
1092 1501 1281 1568 lanceolatis
1299 1501 1541 1568 acutiusculis

230 1587 305 1671 pilis
318 1587 475 1656 brevibus
488 1589 627 1656 stellatis
641 1590 692 1657 vel
709 1592 849 1657 ramosis
863 1591 1113 1658 canescentibus
1128 1590 1169 1656 ab
1185 1590 1334 1657 externis
1351 1589 1399 1655 ad
1417 1589 1539 1656 intima

228 1675 398 1759 elongat-is,
417 1677 562 1745 acheniis
583 1679 728 1746 tenuiter
749 1678 939 1763 cylindricis
958 1697 1104 1765 superne
1124 1679 1285 1746 scabridis
1304 1683 1342 1746 et
1365 1679 1437 1744 rix
1458 1684 1541 1746 alte

228 1765 352 1845 neatis,
370 1767 470 1852 pappi
487 1768 614 1835 sordidi
634 1767 768 1834 uchenio
785 1769 1013 1836 subbrevioris
1031 1771 1113 1836 setis
1132 1767 1295 1852 plumosis
1312 1768 1543 1851 longioribus

232 1855 331 1919 l5-20
350 1855 420 1920 basi
441 1855 651 1924 subdilatatis
672 1857 806 1924 achenio
828 1859 926 1924 tertii
944 1863 1040 1943 parte
1061 1857 1271 1926 brevioribus
1299 1865 1348 1930 11.
1370 1855 1418 1921 L.
1443 1856 1540 1922 diro

229 1941 374 2008 ricotum
385 1943 491 2011 Boiss
505 1945 620 2030 Diagn.
636 1945 707 2014 Ser.
722 1947 750 2022 Ι,
770 1948 822 2028 11,
839 1967 872 2032 p.
893 1947 933 2014 11
953 1948 1089 2033 (nomen
1105 1946 1274 2030 antiquius
1291 1945 1354 2012 sed
1368 1944 1542 2012 omnibus

229 2031 345 2098 formis
364 2051 431 2100 non
449 2036 672 2110 conveniens).

266 2144 344 2202 Hab.
366 2147 396 2202 in
416 2147 603 2220 rupastribus
624 2148 718 2204 Tauri
738 2147 851 2205 Cilicioi
869 2164 887 2203 a
903 2147 988 2220 Pylis
1008 2147 1136 2204 Cilicicis
1156 2147 1195 2204 ad
1211 2148 1369 2218 regionem
1391 2146 1540 2290 ffiffi

231 2215 312 2272 80011ι
328 2216 404 2290 (Kyl
418 2217 489 2274 Ball
516 2219 573 2276 sub
591 2217 627 2276 L.
645 2218 843 2294 ocylepr'dcl),
862 2235 954 2293 prope
972 2219 1122 2276 Ermenek
1142 2219 1245 2290 (Peri),
1263 2223 1370 2275 monte

230 2287 427 2361 Cappadociae
440 2289 509 2358 (Bal
518 2292 548 2360 l).

266 2385 292 2440 Α
304 2381 341 2441 L.
357 2383 516 2468 omylepide
528 2385 574 2440 cui
588 2386 670 2468 prius
686 2384 811 2470 adjuncti
817 2388 932 2512 ffiacter
955 2385 1166 2468 indumentum
1178 2386 1281 2442 miuus
1300 2389 1396 2441 tenue
1416 2383 1541 2458 phyllis

230 2471 291 2513 non
304 2461 482 2512 acunnnahs
492 2459 521 2512 et
533 2471 623 2529 pappi
635 2457 727 2513 radus
738 2457 805 2512 basr
861 2461 950 2513 atetrs
966 2457 1130 2513 drversum.

278 2656 329 2718 11.
355 2652 400 2720 L·
430 2653 742 2722 libanoticum
763 2653 885 2740 (Boiss.
914 2654 1031 2739 Diagn.
1053 2654 1126 2721 Ser.
1146 2653 1172 2735 1,
1199 2642 1249 2735 ll,
1268 2674 1301 2739 p.
1326 2652 1402 2738 10),
1426 2659 1535 2720 toturn

230 2742 423 2810 indumento
442 2742 639 2810 brevissimo
657 2743 760 2810 denso
780 2743 1060 2811 stellato-ramoso
1078 2761 1207 2822 canum,
1228 2743 1341 2808 radice
1359 2742 1537 2823 verticali,

229 2831 408 2898 rhizornatc
425 2831 605 2916 pluricipiti
618 2832 773 2899 indurato
784 2849 907 2912 crasso,
919 2833 1025 2916 scapis
1038 2832 1198 2899 brevibus
1210 2831 1536 2913 submonocepbalis

228 2921 319 3004 apice
336 2920 538 3001 incrassatis,
558 2921 644 2988 loliis
663 2920 809 2986 breviter
825 2927 858 2988 et
876 2925 1016 3005 anguste
1037 2921 1390 3003 oblongo-lanceolatis
1420 2919 1535 2986 undu·

230 3009 453 3077 lato-dentatis
478 3009 512 3076 in
535 3011 692 3092 petiolum
713 3011 902 3088 attenuatis,
929 3011 1081 3094 capitulis
1109 3008 1330 3077 mediocribus
1359 3009 1536 3092 virgineis

227 3098 372 3179 cernuis
385 3098 547 3164 involucri
561 3099 683 3183 phyllis
695 3098 877 3167 imbricatis
889 3099 930 3165 ab
947 3100 1070 3166 infimis
1087 3098 1346 3182 triangularibus
1361 3099 1410 3166 ad
1429 3117 1535 3183 supa-

227 3189 317 3254 riora
332 3187 511 3254 lanceolata
523 3188 727 3254 acutiuscula
744 3188 1075 3270 elongatis‚omnihus
1089 3189 1188 3254 dorso
1205 3187 1405 3254 indumento
1429 3205 1535 3270 parco

227 3277 374 3361 crispulo
401 3275 548 3343 iannoso
574 3277 690 3343 obsitis
720 3281 753 3343 et
782 3282 944 3360 praeterea
971 3278 1160 3361 prasertim
1189 3277 1336 3343 externis
1367 3278 1532 3362 margine

229 3366 425 3433 breuissime
453 3364 615 3445 ciliolatis‚
640 3365 784 3432 acheniis
811 3367 957 3434 tenuiter
983 3367 1173 3450 cylindricis
1201 3366 1326 3432 strictis
1356 3365 1535 3433 scabridis

228 3471 374 3540 superne
400 3455 589 3538 attenuatis,
617 3454 717 3539 pappi
742 3453 868 3522 sordidi
893 3456 973 3522 setis
1002 3456 1164 3540 plumosis
1185 3455 1389 3538 longioribus
1425 3457 1535 3522 15-20

229 3543 299 3611 basi
317 3544 373 3610 vix
390 3542 535 3610 dilatatis
549 3543 684 3610 achenio
703 3543 979 3612 subbrevioribus
1004 3553 1049 3620 tt.

264 3655 344 3712 Hab.
363 3655 394 3710 in
408 3654 523 3710 Libano
537 3671 628 3728 supra
640 3655 723 3711 Eden
737 3654 853 3725 (Boissl
865 3654 903 3711 Bl
910 3657 939 3726 l),
954 3670 1046 3729 supra
1058 3656 1180 3714 Dimum
1193 3653 1284 3726 (Birt

264 3747 351 3822 Soapi
369 3748 599 3830 &pelliones
619 3749 691 3833 lolia
713 3749 773 3808 1·2»
796 3750 938 3807 ollicaria.
962 3749 1140 3807 Indumenta
1162 3751 1319 3834 adpressso
1338 3765 1418 3806 cano
1438 3752 1532 3808 affine

230 3819 265 3877 b.
280 3819 432 3946 oaplessrdr
449 3823 478 3875 et
489 3819 664 3890 adboerena,
681 3821 733 3877 sed
750 3767 857 3904 pffylla
876 3837 930 3878 nec
947 3823 1117 3905 acuminata
1135 3839 1189 3879 nec
1208 3822 1383 3904 indumento
1398 3822 1533 3879 stellato

227 3891 334 3948 obses.
348 3892 369 3947 P
393 3889 456 3962 ylla
470 3895 592 3948 externe
606 3895 639 3948 ut
651 3890 688 3948 L.
704 3908 806 3966 aspen
819 3892 1083 3950 fimbriato-cibata
1096 3893 1148 3950 sed
1169 3894 1264 3950 multo
1281 3896 1404 3950 oenurus
1419 3896 1453 3950 et
1469 3893 1531 3950 rhi-

227 3966 342 4020 aomate
355 3962 574 4019 sulirutescenti
589 3963 825 4036 indumentoque
837 3963 978 4020 foliorum
994 3965 1136 4038 adpressa
1149 3979 1224 4022 cano
1237 3965 1276 4020 ab
1289 3979 1324 4022 eo
1336 3964 1495 4022 mianum.

276 4161 325 4226 lt.
351 4161 384 4229 L
419 4159 726 4246 asperrimum
748 4159 875 4245 (Willd.
897 4158 953 4244 Sp.
975 4159 1035 4241 lll,
1054 4179 1084 4244 p.
1109 4161 1191 4225 1507
1210 4161 1273 4226 sub
1291 4157 1528 4247 Scorsonero)

226 4255 331 4317 tolum
351 4251 426 4335 pilis
447 4249 678 4316 crassiusculis
698 4249 814 4333 rigidis
835 4250 926 4334 apice
945 4249 1101 4316 stellatim
1119 4248 1257 4316 lurcatis
1275 4249 1526 4320 creberrimum

228 4340 348 4422 pallide
376 4341 498 4421 virens,
524 4339 704 4405 rhinomate
732 4339 887 4418 verticali
912 4340 1021 4423 scapis
1046 4338 1288 4422 monocephalis
1313 4341 1367 4406 vel
1386 4341 1525 4408 inferne

227 4430 355 4496 ramulo
373 4429 477 4497 auctis
497 4427 613 4494 validis
628 4427 744 4511 rigidis
762 4427 945 4513 squamulis
964 4429 1102 4495 setaceis
1118 4428 1235 4494 obsitis
1254 4447 1402 4514 superne
1426 4430 1525 4496 valde

228 4517 382 4602 dilatatis,
394 4519 480 4584 loliis
495 4517 621 4584 crebris
634 4520 773 4599 anguste
785 4517 1131 4600 oblongo-lanceolalis
1142 4522 1175 4584 et
1186 4516 1378 4584 lanceolatis
1391 4525 1525 4586 remote

227 4605 389 4690 dentone,
419 4606 573 4692 capitulis
597 4605 725 4690 magnis
757 4604 890 4672 demum
919 4606 1099 4690 elongetis,
1121 4605 1285 4672 involucri
1316 4607 1524 4691 cylindracei
