3016 5160
1 446 2 486 ,
43 408 213 470 emtaurco.
590 423 776 467 couromrn.
1269 409 1325 469 6oe

1 495 2 532 ⁴
40 531 138 616 plau
160 533 267 602 Boiss.
290 540 324 602 et
346 534 444 602 licut.
462 535 577 619 Diagn.
607 533 677 601 Ser.
702 531 745 614 ll,
765 535 795 615 a,
820 552 852 618 p.
873 535 926 602 86.
945 569 991 582 -
1009 534 1041 602 G.
1062 531 1195 600 Krolilu'
1212 533 1322 602 Boiss.

1 703 2 708 Ἰ
40 623 151 780 lein?
174 623 305 780 subg,
322 625 352 706 3,
367 644 398 709 p.
418 625 462 690 st
481 623 589 711 (orma
604 621 752 707 acaulis).
765 659 810 672 -
827 622 856 690 0.
872 621 1202 707 pseudophilostisus
1219 621 1323 690 Godr.

72 761 79 778 .
120 731 222 781 uren.
288 763 294 778 .

68 823 148 879 Hab.
161 824 193 878 in
207 825 341 880 arenosis
354 824 514 880 maritimis
526 823 638 896 Egypti
650 821 799 880 inferioris
814 821 852 878 ad
864 821 1001 880 Abouhir
1014 821 1134 896 tilralt),
1146 823 1185 880 ad
1197 819 1327 880 lismleb

1 923 2 926 κ
39 897 64 950 et
72 894 294 952 alexandriam
307 894 454 964 (Ehrenbl
469 895 585 952 Samari
598 895 716 966 Gailll).

67 989 177 1046 Facies
192 993 221 1047 t'.
235 989 416 1062 scnchr'solioe
431 990 485 1047 sed
498 989 672 1064 phyllorum
686 990 782 1063 spinae
795 990 985 1060 fascicuiatae,
997 989 1054 1046 hac
1068 992 1140 1047 nott
1158 990 1270 1046 accedit
1286 989 1326 1046 ad

38 1057 64 1144 ll.
75 1064 214 1146 faucem
226 1067 256 1118 et
267 1062 433 1145 praesertim
448 1061 476 1118 C.
491 1061 541 1146 pol
562 1061 727 1119 acanthum
740 1077 758 1118 a
773 1065 833 1134 que
845 1061 924 1119 loliis
933 1061 1158 1119 decurrentibus
1172 1062 1327 1136 spinisque

37 1132 187 1190 involucri
200 1132 402 1207 rnaequahbue
416 1132 546 1205 longiori
569 1149 604 1190 us
618 1133 725 1190 ditiert.

67 1230 120 1287 ht.
142 1230 243 1302 Geegr.
262 1229 363 1287 Airlm
375 1229 507 1288 borealis
519 1230 558 1286 ad
571 1229 679 1286 Bislra
691 1233 721 1286 et
733 1201 900 1301 Lagboust,
914 1231 944 1286 et
955 1230 987 1286 in
999 1243 1092 1301 regno
1104 1227 1269 1286 Tunctano.

1 1440 2 1516 j
79 1428 160 1494 tas.
189 1427 232 1496 C.
256 1425 514 1512 lycopliolia
538 1425 659 1512 (Boias.
686 1433 719 1494 et
735 1426 815 1512 ily.)
842 1425 918 1510 pilis
936 1427 1074 1511 septatis
1097 1444 1196 1511 parce
1218 1427 1327 1494 obsita

38 1517 164 1597 uirens,
182 1515 332 1583 caulibus
347 1516 467 1583 erectis
486 1517 538 1583 vel
557 1515 812 1584 ascendentibus
832 1515 1006 1598 fragilibus
1022 1516 1183 1600 elongatis
1200 1515 1327 1601 simpli-

38 1604 133 1674 sibus
154 1607 208 1670 vel
235 1621 332 1689 parce
355 1605 508 1686 ramosis,
526 1607 612 1672 iuliis
632 1606 651 1670 ir
667 1605 844 1673 terioribus
871 1611 905 1671 ct
933 1605 1141 1672 intermediis
1159 1604 1325 1689 petiolatis

37 1695 156 1778 lpratis
176 1693 317 1761 sinubus
333 1694 520 1761 rotundatis
540 1696 720 1777 segmentis
735 1694 928 1762 lateralibus
946 1693 1227 1777 lineari-oblongis
1247 1693 1328 1761 suh-

38 1782 179 1868 integris
197 1783 363 1850 terminali
382 1783 522 1866 oblongo
538 1783 672 1850 dentato
690 1783 860 1851 interdum
880 1783 1023 1860 cordato,
1040 1783 1128 1850 loliis
1144 1783 1329 1869 superiori-

39 1873 100 1940 bae
130 1872 238 1940 oratis
261 1873 314 1938 rel
339 1871 488 1957 oblongis
511 1872 581 1939 basi
601 1873 717 1940 sessili
744 1872 934 1955 attenuatis,
961 1871 1113 1957 capitulis
1134 1871 1330 1958 maiusculis

38 1961 199 2028 solitariis
224 1961 309 2029 loliis
335 1963 474 2030 summis
499 1961 671 2030 diminutis
697 1961 951 2041 subbracteatis,
981 1960 1146 2029 involucri
1176 1961 1329 2028 araneosi

38 2051 117 2118 ilari
143 2049 268 2134 phyllis
291 2050 325 2116 in
344 2050 559 2134 appendicem
585 2051 871 2134 patulo-reflexam
891 2050 1128 2135 triangularem
1156 2049 1329 2134 palmalim

39 2138 286 2222 t-u-spinosam
306 2139 506 2207 abeuntibus
525 2139 630 2224 spinis
652 2139 845 2208 lateralibus
864 2142 942 2206 arei
970 2139 1110 2207 centrali
1137 2137 1333 2225 appendicis

38 2227 142 2313 duplo
158 2228 365 2312 longioribus
380 2229 545 2296 terminali
562 2228 660 2314 paulo
676 2229 837 2296 validiore
854 2233 886 2294 et
902 2229 1060 2313 longiore,
1069 2228 1190 2312 phyllis
1202 2225 1328 2294 intimis

37 2318 131 2404 apice
159 2319 317 2385 scariosis
339 2317 522 2400 cucullatis,
546 2318 694 2386 flosculis
722 2319 834 2386 aureis
852 2319 909 2386 vix
933 2317 1155 2399 radiantibus,
1183 2315 1331 2384 achenils

36 2405 186 2490 pallidis,
204 2409 304 2492 pappi
322 2406 388 2473 albi
405 2407 493 2474 serie
510 2408 693 2493 penultimi
713 2408 848 2476 achenio
863 2409 936 2492 ipso
954 2407 1083 2492 tlh-plo
1100 2405 1254 2474 breviore
1281 2413 1330 2481 it.

71 2531 603 2616 liab.inp·raeruptisSyriaeb0realis
612 2531 1330 2616 maritimaeadAlexandrette(Schlumbergert),

38 2603 76 2659 ad
88 2603 201 2660 Berlan
219 2619 251 2658 m
267 2618 334 2677 ipso
374 2619 431 2731 apio
449 2603 528 2661 2000’
551 2603 619 2675 (ΚΥ.
632 2603 704 2732 65?vi
714 2604 754 2660 ad
772 2620 883 2677 pagum
897 2605 1046 2662 Gorumse
1065 2604 1187 2661 druonis
1200 2603 1331 2661 Crhcicaa

36 2672 304 2746 KassauOghlul
381 2677 393 2745 (
422 2691 449 2748 y.
462 2675 654 2748 Suppl99i).
707 2675 794 2731 .Jun.

36 2769 429 2916 *mxl-mpudens,
446 2771 518 2828 tolia
531 2771 707 2829 intermedia
720 2771 769 2829 3-4
781 2771 904 2845 pollices
916 2772 1018 2845 longa,
1032 2771 1164 2844 capitula
1175 2785 1277 2842 magn.
1296 2766 1329 2826 C.

84 3041 161 3108 180.
189 3039 232 3108 G.
251 3039 576 3109 cheiracantha
600 3040 714 3126 (Fcnzl
736 3043 771 3108 in
791 3041 852 3124 ΚΥ.
881 3034 1076 3126 exsiliit)
1101 3039 1194 3105 caule
1217 3038 1332 3121 gracili

37 3131 128 3198 elatu
147 3129 265 3198 foliosa
284 3131 438 3213 angulata
462 3147 621 3198 araneoso
646 3128 786 3215 simplici
811 3129 864 3198 vel
885 3127 1174 3214 pareest-stricte
1199 3145 1333 3197 ramoso

40 3219 267 3304 iu-eephab,
286 3218 374 3286 loliis
396 3237 499 3304 supra
518 3218 804 3302 glabrescentibus
827 3219 946 3287 subtus
964 3218 1055 3286 canis
1077 3215 1278 3284 radicalibus
1297 3221 1335 3284 et

37 3307 258 3376 interioribus
290 3307 497 3390 longiuscule
527 3308 693 3391 petiolatis
723 3307 1071 3392 oblongo-lanceolatis
1104 3306 1245 3388 integris
1273 3306 1329 3372 vel

38 3396 166 3482 saepias
186 3395 306 3480 lyratis
331 3397 510 3480 segmentis
527 3397 721 3465 lateralibus
739 3397 896 3482 uinaque
926 3398 979 3463 1-3
998 3394 1187 3463 lanceolatis
1204 3400 1331 3462 retror-

38 3487 104 3560 sis,
129 3485 216 3553 loliis
247 3484 480 3570 superioribus
511 3485 855 3568 oblongo-lanceolatis
880 3488 933 3554 rel
958 3485 1141 3554 linearibus
1167 3483 1333 3567 elongatis

39 3573 115 3643 husi
126 3575 276 3642 breviter
292 3577 327 3641 et
342 3579 482 3658 anguste
493 3575 761 3655 decurrentibus,
774 3576 927 3658 capitulis
941 3575 1098 3643 solitariis
1112 3573 1187 3640 lolio
1200 3591 1334 3640 summo

38 3681 147 3747 parvo
159 3663 338 3732 bractealis
354 3664 471 3747 oratis,
481 3663 644 3732 involucri
655 3664 873 3749 glabriusculi
885 3663 1150 3748 phyllisilavidis
1161 3662 1196 3728 in
1209 3679 1330 3747 uppen-

38 3753 149 3820 dicen
166 3754 407 3823 luscescentem
430 3756 725 3838 erecto-patentem
750 3752 916 3837 palmatim
935 3752 1084 3820 breviter
1103 3759 1137 3820 et
1158 3750 1335 3836 aqualiter

39 3842 451 3926 s-i-spinutosociiiaum
470 3841 683 3925 abeuntibus
694 3841 817 3927 phyllis
828 3842 956 3912 intimis
968 3842 1060 3926 apice
1076 3841 1231 3910 scariosis
1246 3842 1332 3907 lace·

38 3931 273 4010 tisamenus
291 3932 391 3999 luteis
409 3948 477 3998 aon
501 3929 719 4012 radiantibus,
736 3930 872 3999 achenio
893 3932 1059 4016 puberulo
1078 3930 1183 3998 nitido
1209 3929 1331 4010 albida,

36 4020 838 4193 metuissemusriustri
852 4021 1099 4193 iititttti,
1125 4017 1335 4175 tit't‘ii

78 4229 155 4288 Bab.
168 4233 200 4289 in
215 4233 349 4290 herbidis
364 4233 452 4302 siccis
461 4231 641 4306 subalpinis,
654 4233 789 4290 Libanus
801 4234 832 4289 in
846 4235 946 4290 monte
964 4231 1054 4288 Sanln
1072 4229 1241 4300 (Ebrenbl),
1254 4227 1333 4286 circa

38 4303 157 4360 Deirel
169 4304 302 4374 hchmar
320 4310 349 4361 et
367 4304 451 4360 Eden
472 4304 585 4373 (Boisst
600 4304 675 4376 Bit),
688 4306 771 4376 regio
790 4305 938 4377 sylvatica
949 4303 1061 4360 montis
1074 4303 1172 4360 llassli
1193 4301 1335 4372 (Boissl),

37 4375 156 4432 montis
167 4377 278 4432 Amani
291 4375 388 4447 (Kyl),
401 4375 519 4433 Taurus
534 4375 672 4432 Cilicicus
685 4376 754 4448 (Ky.
769 4377 863 4448 2611),
878 4375 977 4433 Giilek
991 4375 1096 4446 (Belli.

78 4471 198 4530 Pedalis
211 4477 241 4531 et
253 4471 480 4557 sesquipedalis,
490 4473 563 4530 tolia
573 4473 661 4530 valde
675 4473 964 4542 variabilia,caulina
976 4471 1169 4556 vel'oblouga
1179 4469 1228 4526 vel
1238 4468 1332 4554 linea-

38 4546 93 4601 ria
108 4547 135 4600 at
144 4545 248 4616 pedem
261 4544 421 4600 dimidium
433 4545 525 4616 longa
538 4551 599 4601 tres
609 4544 706 4601 lineas
722 4545 772 4600 vix
784 4544 854 4602 lata.
869 4544 1095 4601 Charactenbus
1108 4547 1138 4600 et
1152 4556 1253 4616 pappo
1268 4540 1333 4598 atir-

36 4617 95 4672 nis
114 4612 141 4671 C.
155 4613 316 4688 lunmrolioe
328 4615 407 4673 toliis
421 4615 535 4688 glabris
549 4616 737 4674 brevioribus
752 4616 876 4688 integris
888 4615 1044 4672 distinctae.
