3016 5160
1442 136 1453 169 l·

211 371 265 430 748
765 391 951 434 courosrrm.
1285 375 1479 450 ltapopopaa.

213 498 414 568 subbrevius
446 501 537 584 apice
569 502 996 570 subclevae-incrassatum
1022 502 1146 570 sensim
1172 501 1365 584 attenuatis,
1389 519 1486 587 pappo

213 588 348 658 sordido
366 587 418 674 (D.
439 587 481 656 Ic.
504 589 606 657 Rcbb.
627 589 691 656 tab.
712 593 765 658 39.
787 629 820 640 -v
845 593 878 658 Τ.
897 592 1099 658 cataractam
1122 592 1211 678 Jacq.
1232 592 1274 659 lc.
1296 592 1407 659 Rant
1428 591 1487 658 158

213 677 324 762 planta
344 679 431 745 culta
450 683 501 746 est
520 680 656 765 probab.
676 682 749 766 ejus
768 681 873 748 forma
894 681 1131 750 undulatifolin.

248 787 317 844 Hah
344 788 375 844 in
392 789 487 862 pratis
501 788 529 845 al
552 790 610 846 inis
623 790 750 848 Caucasi
764 792 920 876 orientalis
934 793 966 848 in
980 792 1186 876 Daghestauia
1198 808 1289 865 supra
1304 791 1404 848 Gunib
1414 795 1441 848 et
1452 787 1488 848 ad

214 857 369 932 Kaputcba
382 859 502 916 law-7·
551 861 557 882 '
572 862 668 934 (Rupr
677 865 697 933 l)
710 868 739 919 el
751 864 834 937 prob.
849 862 930 920 alabr.

246 961 293 1017 Ar.
315 959 414 1030 conpr.
430 959 550 1033 Europa
563 961 663 1017 media
676 979 695 1018 a
708 963 807 1020 Gallia
818 966 849 1019 et
859 963 1024 1020 Germania
1036 963 1075 1019 ad
1092 962 1243 1034 regionem
1260 961 1451 1018 Danubialem
1463 963 1490 1016 et

213 1031 351 1088 Rossiam
367 1031 497 1088 mediam
510 1045 535 1088 ev
552 1033 727 1104 australem,
741 1033 862 1090 Sibiria.

261 1222 682 1291 9.'1'.'1'ommaslnll
708 1223 795 1309 (Seh.
826 1221 897 1307 Bip.
926 1223 961 1289 in
986 1222 1094 1290 Biscb.
1121 1221 1232 1306 Beylr.
1261 1241 1294 1305 p.
1325 1221 1383 1303 97)
1406 1217 1495 1288 valde

213 1314 592 1380 floccoso-lomentosum
616 1311 727 1378 album
751 1312 861 1380 floccis
881 1312 1010 1396 longius
1027 1311 1069 1378 ad
1085 1313 1237 1378 foliorum
1265 1311 1358 1377 basin
1380 1307 1494 1393 persia·

214 1403 373 1484 tentibus,
396 1401 478 1468 collo
504 1401 636 1484 libroeo,
661 1401 753 1467 caule
773 1407 882 1469 erecto
903 1418 1002 1485 parce
1026 1405 1059 1465 et
1080 1401 1193 1468 stricte
1212 1418 1356 1479 ramoso,
1378 1399 1497 1465 foliisa

215 1491 287 1557 basi
316 1490 448 1556 dilatate
475 1491 787 1574 semiamplexicauli
817 1495 957 1574 anguste
985 1489 1175 1557 lanceolalis
1201 1491 1293 1572 apice
1325 1487 1499 1556 allenualis

215 1580 375 1646 flexuosis
407 1579 458 1644 vel
492 1579 680 1667 tortilibus²
709 1580 905 1665 pedunculis
938 1579 1042 1662 longis
1087 1578 1267 1645 fructiferis
1298 1577 1451 1644 subclava
1471 1602 1495 1631 ι

215 1668 413 1745 incrassatis,
424 1668 596 1735 involucro
606 1669 790 1752 octopbyllo
800 1669 947 1735 flosculis
957 1668 1258 1752 luteiseequilongo,
1266 1665 1412 1733 acheuiia
1438 1690 1461 1721 ι,

214 1757 378 1840 ginalibus
397 1758 542 1822 tenuiter
562 1757 885 1824 subdecemcostatis'
901 1757 943 1822 ad
976 1761 1009 1823 el
1034 1757 1121 1823 inter
1140 1763 1247 1824 costas
1273 1754 1477 1840 squamulw

215 1847 386 1914 muricatis
405 1846 440 1911 in
457 1852 605 1912 rostrum
625 1845 778 1912 filiforme
797 1847 846 1912 eis
866 1847 987 1929 saepius
1005 1844 1250 1930 sesquilongius
1266 1845 1360 1930 apice
1380 1861 1431 1909 sen

215 1935 576 2002 clavato-incrassatum
595 1938 630 1999 et
649 1935 712 2002 sub
733 1953 840 2020 pappo
860 1937 1005 2001 lanatum
1025 1935 1223 2014 constrictis,
1243 1953 1353 2018 pappo
1371 1952 1409 2000 so
1435 1958 1473 1989 ιιἰ

216 2023 288 2090 albo
305 2024 358 2109 0.
378 2023 420 2090 Ic.
438 2023 539 2090 Rcbb.
558 2022 623 2090 lab.
641 2025 694 2088 lc.

215 2133 379 2262 110113ξῇ11ιὲ
380 2135 479 2262 lptirialis
493 2134 587 2206 siecle,
600 2135 697 2192 Alticd
711 2150 802 2208 prope
815 2134 973 2192 Marathon
986 2133 1102 2208 (Vrioni
1113 2149 1149 2191 ex
1160 2133 1254 2190 Rchb.
1264 2133 1328 2204 fil).
1339 2133 1440 2190 Exdi·
1456 2156 1460 2179 ι
1474 2156 1481 2175 ν

250 2303 346 2359 Afilae
363 2301 395 2359 T.
409 2303 548 2376 pratensi
557 2303 656 2360 differt
669 2302 846 2359 indumento
859 2303 985 2358 lioccoso
999 2302 1120 2376 copioso
1133 2305 1163 2358 et
1175 2301 1298 2373 longius
1311 2303 1458 2375 persisten
1476 2330 1489 2343 a

215 2372 345 2516 ffigfflrai
356 2375 546 2518 fflrfflw
559 2375 643 2431 12-14
656 2373 752 2431 lineas
765 2374 872 2446 longa)
887 2375 1009 2430 tenuius
1022 2377 1137 2430 castata
1149 2379 1221 2430 sunt
1233 2379 1333 2430 rostro
1349 2372 1447 2430 manif
1451 2398 1458 2417 ·-
1486 2426 1487 2429 ,

249 2541 297 2597 Ar.
311 2540 415 2611 (leopr.
429 2540 572 2598 Littorale
584 2541 784 2613 dumnacum,
798 2541 960 2598 Delmatia.

265 2729 314 2794 10.
339 2727 380 2794 Τ.
393 2727 808 2815 Samarltanfflieldr.
827 2735 861 2796 et
878 2729 963 2796 Sari.
975 2729 1009 2794 in
1028 2728 1135 2797 Boiss.
1148 2728 1264 2812 Diapn.
1281 2727 1357 2794 Ser.
1376 2728 1419 2810 ll,
1428 2731 1458 2810 5,
1477 2774 1478 2779 η

219 2816 295 2901 116)
316 2815 617 2886 domasa-lanatum
633 2818 706 2884 land
717 2819 758 2884 ad
771 2821 892 2886 collum
908 2823 942 2884 et
958 2818 998 2885 ad
1013 2818 1106 2887 basin
1120 2819 1273 2885 foliorum
1292 2818 1461 2902 persislen
1472 2846 1485 2865 ι

215 2905 326 2973 radice
351 2908 443 2974 tenui
468 2907 615 2974 verticali
643 2907 777 2992 fibrosd,
802 2907 954 2976 caulibus
979 2907 1135 2975 tenuibus
1154 2907 1275 2974 crectis
1296 2907 1475 2990 simpli·

218 2996 268 3060 vel
288 3012 385 3077 parce
412 2997 563 3074 ramosis,
591 2996 676 3062 foliis
702 2998 937 3082 angustissime
963 2995 1145 3064 linearibus
1164 2995 1327 3078 elongatis
1353 2996 1428 3062 basi
1487 2995 1496 3070 ἶ

216 3081 370 3167 dilatatis,
389 3085 586 3169 pedunculis
608 3085 712 3168 longis
730 3087 911 3154 fructiferis
928 3085 983 3151 vix
1002 3085 1204 3164 incrassatis,
1224 3086 1381 3170 capitulis
1398 3091 1492 3152 imao*

217 3172 280 3240 bus
304 3173 504 3255 pauoissoris,
523 3174 687 3241 involucri
712 3175 832 3260 phyllis
854 3175 967 3259 quinis
986 3174 1133 3242 flosculis
1150 3173 1279 3240 flavidis
1297 3175 1416 3260 aqui·
1433 3204 1438 3231 ι
1457 3206 1467 3245 ‚1

217 3261 362 3329 acheniis
395 3263 630 3346 marginalibus
662 3263 928 3332 striato-castatis
962 3263 997 3328 in
1030 3268 1178 3330 rostrum
1214 3263 1421 3348 subaquilo

217 3351 308 3434 apice
325 3350 607 3420 subincrassalum
626 3353 748 3418 sensim
763 3353 943 3420 attenuatis
959 3351 1031 3419 basi
1047 3351 1226 3419 obsoletius
1243 3369 1396 3436 superne
1431 3378 1457 3411 a·

218 3439 577 3522 spinulam-muricatis
605 3441 748 3525 spinulis
774 3459 861 3526 aaepe
887 3459 983 3510 secus
1010 3445 1115 3508 totum
1143 3445 1291 3507 rostrum
1319 3441 1467 3526 produ

217 3546 325 3612 pappo
343 3530 477 3596 sordido
497 3530 549 3615 Θ.

252 3637 329 3694 Hab.
341 3639 374 3695 in
386 3639 503 3697 saxosis
527 3639 657 3711 regionis
679 3639 820 3696 abietinae
842 3641 974 3712 Graeciae,
997 3639 1080 3711 regio
1101 3639 1201 3696 media
1222 3639 1334 3695 montis
1357 3637 1410 3710 Ky
1446 3674 1487 3700 ‚„

217 3707 360 3838 (Heldrg,
373 3713 484 3768 montis
496 3711 609 3767 Parnes
625 3711 731 3767 Atticae
748 3710 829 3768 leoli
848 3710 963 3782 (ileldr.
983 3711 1074 3767 Herb.
1095 3711 1197 3768 Norm.
1219 3709 1311 3780 6901),
1333 3711 1418 3767 Pam
1438 3736 1450 3755 ν

238 3781 643 3926 ἓζὲθγὸἰὲειιὲἓδοᾚῖίῖῳ
661 3781 778 3853 (Guiccf
796 3781 919 3856 Orpbl),
934 3781 1083 3856 Olympus
1100 3781 1266 3838 Thessalus
1279 3797 1374 3856 supra
1390 3781 1423 3838 Η
1450 3806 1463 3829 υ

252 3946 361 4004 Pedale
373 3952 403 4004 et
417 3948 633 4022 sesquipedale‚
651 3949 832 4020 melofoliis
855 3949 993 4021 angustis
1015 3951 1044 4005 et
1060 3947 1200 4022 capitulis
1220 3949 1394 4020 peuciflon's
1405 3950 1435 4005 s·
1480 3924 1487 3937 ¹

216 4016 421 4160 guefffflm
442 4019 574 4078 flosculis
594 4020 738 4078 violaceis
761 4020 918 4078 involucro
941 4019 1038 4076 multo
1057 4018 1250 4076 brevioribus
1273 4021 1381 4076 statim
1406 4023 1465 4069 ιη’·

265 4279 315 4344 11.
338 4275 381 4343 Τ.
398 4276 643 4347 floccosum
667 4279 734 4364 (W.
756 4279 794 4344 K.
816 4279 865 4345 Pl.
890 4297 955 4344 rar.
980 4279 1090 4362 Hung.
1110 4276 1150 4358 11,
1178 4297 1208 4362 p.
1233 4279 1307 4360 116,
1332 4279 1402 4348 tab.
1430 4281 1473 4347 la

217 4366 412 4433 indumento
439 4367 674 4434 dcccmo-canc
705 4367 970 4453 subpersislente
1006 4365 1163 4448 obsitum,
1196 4365 1310 4434 radice
1348 4387 1390 4436 ve
1442 4396 1471 4423 ‚-

217 4456 298 4523 collo
314 4453 561 4540 subaquamato‚
578 4457 671 4523 caule
688 4455 774 4524 elato
788 4475 931 4538 ramoso,
951 4455 1039 4523 foliis
1054 4462 1193 4540 anguste
1208 4455 1399 4525 linearibus
1420 4486 1434 4515 ν
1458 4498 1460 4501 -
1487 4506 1489 4509 ψ

215 4543 359 4612 liculatis
388 4543 619 4612 crassiusculis
639 4562 742 4612 nervo
769 4561 880 4613 crasso
904 4545 1075 4629 percursis
1100 4545 1261 4612 flexuosis
1289 4545 1411 4614 inferio
1452 4576 1456 4601 ·
