<?xml version="1.0" encoding="UTF-8"?>
<!DOCTYPE html PUBLIC "-//W3C//DTD XHTML 1.0 Transitional//EN"
    "http://www.w3.org/TR/xhtml1/DTD/xhtml1-transitional.dtd">
<html xmlns="http://www.w3.org/1999/xhtml" xml:lang="en" lang="en">
 <head>
  <title>
</title>
<meta http-equiv="Content-Type" content="text/html;charset=utf-8" />
  <meta name='ocr-system' content='tesseract 3.04.00' />
  <meta name='ocr-capabilities' content='ocr_page ocr_carea ocr_par ocr_line ocrx_word'/>
</head>
<body>
  <div class='ocr_page' id='page_1' title='image "./floraorientalis00boisgoog/floraorientalis00boisgoog_0383.png"; bbox 0 0 3036 5170; ppageno 0'>
   <div class='ocr_carea' id='block_1_1' title="bbox 39 337 1291 402">
    <p class='ocr_par' dir='ltr' id='par_1_1' title="bbox 39 337 1291 402">
     <span class='ocr_line' id='line_1_1' title="bbox 39 337 1291 402; baseline -0.004 -2"><span class='ocrx_word' id='word_1_1' title='bbox 39 345 184 402; x_wconf 69' lang='lat' dir='ltr'><strong>Amnista.</strong></span> <span class='ocrx_word' id='word_1_2' title='bbox 555 357 741 400; x_wconf 71' lang='lat' dir='ltr'><strong>courosrrsr.</strong></span> <span class='ocrx_word' id='word_1_3' title='bbox 1235 337 1291 395; x_wconf 78' lang='lat'><strong>373</strong></span> 
     </span>
    </p>
   </div>
   <div class='ocr_carea' id='block_1_2' title="bbox 3 460 1291 676">
    <p class='ocr_par' dir='ltr' id='par_1_2' title="bbox 3 460 1291 676">
     <span class='ocr_line' id='line_1_2' title="bbox 64 460 1291 537; baseline -0.002 -17"><span class='ocrx_word' id='word_1_4' title='bbox 64 465 125 520; x_wconf 89' lang='lat' dir='ltr'><strong>llab.</strong></span> <span class='ocrx_word' id='word_1_5' title='bbox 147 465 177 520; x_wconf 89' lang='lat' dir='ltr'><strong>in</strong></span> <span class='ocrx_word' id='word_1_6' title='bbox 198 466 385 537; x_wconf 88' lang='lat' dir='ltr'><strong>rupestribus</strong></span> <span class='ocrx_word' id='word_1_7' title='bbox 405 469 434 522; x_wconf 90' lang='lat' dir='ltr'><strong>et</strong></span> <span class='ocrx_word' id='word_1_8' title='bbox 457 465 600 521; x_wconf 79' lang='lat' dir='ltr'><strong>fruticetis</strong></span> <span class='ocrx_word' id='word_1_9' title='bbox 627 465 744 520; x_wconf 80' lang='lat' dir='ltr'><strong>saxosis</strong></span> <span class='ocrx_word' id='word_1_10' title='bbox 769 463 937 530; x_wconf 89' lang='lat' dir='ltr'><strong>maritimis,</strong></span> <span class='ocrx_word' id='word_1_11' title='bbox 961 461 1131 532; x_wconf 76' lang='lat' dir='ltr'><strong>Zacynthus</strong></span> <span class='ocrx_word' id='word_1_12' title='bbox 1156 460 1291 532; x_wconf 78' lang='lat' dir='ltr'><strong>(ltetgt),</strong></span> 
     </span>
     <span class='ocr_line' id='line_1_3' title="bbox 3 533 1290 676; baseline -0.005 -82"><span class='ocrx_word' id='word_1_13' title='bbox 3 559 5 632; x_wconf 63' lang='lat' dir='ltr'>j</span> <span class='ocrx_word' id='word_1_14' title='bbox 36 536 134 663; x_wconf 43' lang='lat' dir='ltr'><strong>&amp;roffi</strong></span> <span class='ocrx_word' id='word_1_15' title='bbox 140 537 179 676; x_wconf 53' lang='lat' dir='ltr'><strong>t(Bt</strong></span> <span class='ocrx_word' id='word_1_16' title='bbox 177 537 341 676; x_wconf 51' lang='lat' dir='ltr'><strong>ffllffla</strong></span> <span class='ocrx_word' id='word_1_17' title='bbox 344 537 457 664; x_wconf 45' lang='lat' dir='ltr'><strong>3³1¹·ss</strong></span> <span class='ocrx_word' id='word_1_18' title='bbox 465 540 493 607; x_wconf 86' lang='lat' dir='ltr'><strong>t),</strong></span> <span class='ocrx_word' id='word_1_19' title='bbox 508 536 611 592; x_wconf 88' lang='lat' dir='ltr'><strong>Cilicia</strong></span> <span class='ocrx_word' id='word_1_20' title='bbox 624 535 765 591; x_wconf 88' lang='lat' dir='ltr'><strong>littoralis</strong></span> <span class='ocrx_word' id='word_1_21' title='bbox 780 534 840 606; x_wconf 86' lang='lat' dir='ltr'><strong>(Ky</strong></span> <span class='ocrx_word' id='word_1_22' title='bbox 850 538 856 590; x_wconf 90' lang='lat' dir='ltr'><strong>l</strong></span> <span class='ocrx_word' id='word_1_23' title='bbox 867 533 966 603; x_wconf 77' lang='grc'>2856),</span> <span class='ocrx_word' id='word_1_24' title='bbox 980 533 1133 589; x_wconf 84' lang='lat' dir='ltr'><strong>Palestina</strong></span> <span class='ocrx_word' id='word_1_25' title='bbox 1145 533 1176 588; x_wconf 92' lang='lat' dir='ltr'><strong>in</strong></span> <span class='ocrx_word' id='word_1_26' title='bbox 1189 536 1290 589; x_wconf 86' lang='lat' dir='ltr'><strong>monte</strong></span> 
     </span>
    </p>
   </div>
   <div class='ocr_carea' id='block_1_3' title="bbox 3 637 1290 856">
    <p class='ocr_par' dir='ltr' id='par_1_3' title="bbox 3 637 1290 856">
     <span class='ocr_line' id='line_1_4' title="bbox 3 637 1290 775; baseline -0.008 -13"><span class='ocrx_word' id='word_1_27' title='bbox 3 637 5 750; x_wconf 76' lang='grc' dir='ltr'>Ι</span> <span class='ocrx_word' id='word_1_28' title='bbox 60 704 100 758; x_wconf 80' lang='lat' dir='ltr'><strong>tr.</strong></span> <span class='ocrx_word' id='word_1_29' title='bbox 112 703 205 773; x_wconf 76' lang='lat' dir='ltr'><strong>lleogn</strong></span> <span class='ocrx_word' id='word_1_30' title='bbox 226 701 381 775; x_wconf 81' lang='lat' dir='ltr'><strong>Hispania.</strong></span> <span class='ocrx_word' id='word_1_31' title='bbox 393 702 494 759; x_wconf 87' lang='lat' dir='ltr'><strong>Gallia</strong></span> <span class='ocrx_word' id='word_1_32' title='bbox 509 703 658 772; x_wconf 87' lang='lat' dir='ltr'><strong>australis,</strong></span> <span class='ocrx_word' id='word_1_33' title='bbox 675 701 794 758; x_wconf 89' lang='lat' dir='ltr'><strong>Corsica</strong></span> <span class='ocrx_word' id='word_1_34' title='bbox 810 704 839 758; x_wconf 90' lang='lat' dir='ltr'><strong>et</strong></span> <span class='ocrx_word' id='word_1_35' title='bbox 852 700 998 772; x_wconf 80' lang='lat' dir='ltr'>Sardinia,</span> <span class='ocrx_word' id='word_1_36' title='bbox 1009 670 1094 756; x_wconf 87' lang='lat' dir='ltr'><strong>ltalia</strong></span> <span class='ocrx_word' id='word_1_37' title='bbox 1107 699 1249 756; x_wconf 86' lang='lat' dir='ltr'><strong>australis</strong></span> <span class='ocrx_word' id='word_1_38' title='bbox 1262 703 1290 756; x_wconf 88' lang='lat' dir='ltr'><strong>et</strong></span> 
     </span>
     <span class='ocr_line' id='line_1_5' title="bbox 3 772 551 856; baseline -0.004 -26"><span class='ocrx_word' id='word_1_39' title='bbox 3 777 5 856; x_wconf 55' lang='grc' dir='ltr'>ξ</span> <span class='ocrx_word' id='word_1_40' title='bbox 34 774 121 842; x_wconf 78' lang='lat' dir='ltr'><strong>stellis,</strong></span> <span class='ocrx_word' id='word_1_41' title='bbox 133 772 292 843; x_wconf 86' lang='lat' dir='ltr'><strong>Dalmatia,</strong></span> <span class='ocrx_word' id='word_1_42' title='bbox 305 774 403 830; x_wconf 79' lang='lat' dir='ltr'><strong>Attica</strong></span> <span class='ocrx_word' id='word_1_43' title='bbox 414 774 551 830; x_wconf 89' lang='lat' dir='ltr'><strong>borealis.</strong></span> 
     </span>
    </p>
   </div>
   <div class='ocr_carea' id='block_1_4' title="bbox 3 895 1292 1740">
    <p class='ocr_par' dir='ltr' id='par_1_4' title="bbox 3 895 5 936">
     <span class='ocr_line' id='line_1_6' title="bbox 3 895 5 936; baseline 0 0"><span class='ocrx_word' id='word_1_44' title='bbox 3 895 5 936; x_wconf 96' lang='lat' dir='ltr'><strong>l</strong></span> 
     </span>
    </p>

    <p class='ocr_par' dir='ltr' id='par_1_5' title="bbox 3 943 1290 1032">
     <span class='ocr_line' id='line_1_7' title="bbox 3 943 1290 1032; baseline -0.004 -19"><span class='ocrx_word' id='word_1_45' title='bbox 3 947 5 1026; x_wconf 71' lang='grc' dir='ltr'>ζ</span> <span class='ocrx_word' id='word_1_46' title='bbox 67 948 110 1013; x_wconf 82' lang='lat' dir='ltr'><strong>to.</strong></span> <span class='ocrx_word' id='word_1_47' title='bbox 133 947 178 1015; x_wconf 72' lang='lat' dir='ltr'><strong>A.</strong></span> <span class='ocrx_word' id='word_1_48' title='bbox 203 946 498 1016; x_wconf 75' lang='lat' dir='ltr'><strong>Absinthium</strong></span> <span class='ocrx_word' id='word_1_49' title='bbox 521 947 573 1032; x_wconf 84' lang='lat' dir='ltr'><strong>(L.</strong></span> <span class='ocrx_word' id='word_1_50' title='bbox 593 946 648 1031; x_wconf 87' lang='lat' dir='ltr'><strong>Sp.</strong></span> <span class='ocrx_word' id='word_1_51' title='bbox 674 945 773 1028; x_wconf 86' lang='lat' dir='ltr'><strong>ll88)</strong></span> <span class='ocrx_word' id='word_1_52' title='bbox 799 944 957 1030; x_wconf 89' lang='lat' dir='ltr'><strong>adpresse</strong></span> <span class='ocrx_word' id='word_1_53' title='bbox 980 945 1110 1022; x_wconf 85' lang='lat' dir='ltr'><strong>incana,</strong></span> <span class='ocrx_word' id='word_1_54' title='bbox 1141 943 1290 1010; x_wconf 81' lang='lat' dir='ltr'><strong>carrlibus</strong></span> 
     </span>
    </p>

    <p class='ocr_par' dir='ltr' id='par_1_6' title="bbox 3 1031 1292 1120">
     <span class='ocr_line' id='line_1_8' title="bbox 3 1031 1292 1120; baseline -0.004 -18"><span class='ocrx_word' id='word_1_55' title='bbox 3 1031 5 1118; x_wconf 78' lang='lat' dir='ltr'><strong>l</strong></span> <span class='ocrx_word' id='word_1_56' title='bbox 33 1037 178 1102; x_wconf 83' lang='lat' dir='ltr'><strong>herbaceis</strong></span> <span class='ocrx_word' id='word_1_57' title='bbox 193 1036 314 1102; x_wconf 90' lang='lat' dir='ltr'><strong>erectis</strong></span> <span class='ocrx_word' id='word_1_58' title='bbox 333 1037 499 1119; x_wconf 84' lang='lat' dir='ltr'>angulosis</span> <span class='ocrx_word' id='word_1_59' title='bbox 515 1037 550 1102; x_wconf 92' lang='lat' dir='ltr'><strong>in</strong></span> <span class='ocrx_word' id='word_1_60' title='bbox 569 1035 751 1120; x_wconf 76' lang='lat' dir='ltr'><strong>paniculum</strong></span> <span class='ocrx_word' id='word_1_61' title='bbox 771 1036 954 1118; x_wconf 89' lang='lat' dir='ltr'><strong>elongatam</strong></span> <span class='ocrx_word' id='word_1_62' title='bbox 971 1034 1119 1100; x_wconf 75' lang='lat' dir='ltr'><strong>foliosum</strong></span> <span class='ocrx_word' id='word_1_63' title='bbox 1138 1033 1292 1099; x_wconf 91' lang='lat' dir='ltr'><strong>abeunti·</strong></span> 
     </span>
    </p>

    <p class='ocr_par' dir='ltr' id='par_1_7' title="bbox 3 1119 1292 1740">
     <span class='ocr_line' id='line_1_9' title="bbox 3 1119 1290 1207; baseline -0.005 -13"><span class='ocrx_word' id='word_1_64' title='bbox 3 1119 5 1194; x_wconf 74' lang='grc' dir='ltr'><strong><em>ἲ</em></strong></span> <span class='ocrx_word' id='word_1_65' title='bbox 33 1127 89 1205; x_wconf 83' lang='lat' dir='ltr'><strong>bus,</strong></span> <span class='ocrx_word' id='word_1_66' title='bbox 107 1125 189 1192; x_wconf 87' lang='lat' dir='ltr'><strong>loliis</strong></span> <span class='ocrx_word' id='word_1_67' title='bbox 205 1125 406 1193; x_wconf 83' lang='lat' dir='ltr'><strong>radicalibus</strong></span> <span class='ocrx_word' id='word_1_68' title='bbox 426 1130 459 1192; x_wconf 89' lang='lat' dir='ltr'><strong>et</strong></span> <span class='ocrx_word' id='word_1_69' title='bbox 484 1143 653 1191; x_wconf 88' lang='lat' dir='ltr'><strong>ramorum</strong></span> <span class='ocrx_word' id='word_1_70' title='bbox 679 1125 843 1190; x_wconf 89' lang='lat' dir='ltr'><strong>sterilium</strong></span> <span class='ocrx_word' id='word_1_71' title='bbox 869 1124 964 1206; x_wconf 90' lang='lat' dir='ltr'><strong>longe</strong></span> <span class='ocrx_word' id='word_1_72' title='bbox 981 1122 1146 1207; x_wconf 87' lang='lat' dir='ltr'><strong>petiolalis</strong></span> <span class='ocrx_word' id='word_1_73' title='bbox 1166 1121 1290 1188; x_wconf 85' lang='lat' dir='ltr'><strong>ambitu</strong></span> 
     </span>
     <span class='ocr_line' id='line_1_10' title="bbox 31 1210 1291 1297; baseline -0.002 -18"><span class='ocrx_word' id='word_1_74' title='bbox 31 1215 116 1280; x_wconf 83' lang='lat' dir='ltr'><strong>uvalis</strong></span> <span class='ocrx_word' id='word_1_75' title='bbox 133 1215 168 1279; x_wconf 91' lang='lat' dir='ltr'><strong>in</strong></span> <span class='ocrx_word' id='word_1_76' title='bbox 186 1214 321 1281; x_wconf 80' lang='lat' dir='ltr'><strong>lacinias</strong></span> <span class='ocrx_word' id='word_1_77' title='bbox 345 1215 634 1297; x_wconf 86' lang='lat' dir='ltr'><strong>lineari-oblongas</strong></span> <span class='ocrx_word' id='word_1_78' title='bbox 655 1212 790 1280; x_wconf 88' lang='lat' dir='ltr'><strong>obtusas</strong></span> <span class='ocrx_word' id='word_1_79' title='bbox 810 1212 1026 1279; x_wconf 80' lang='lat' dir='ltr'>decurrentes</span> <span class='ocrx_word' id='word_1_80' title='bbox 1046 1210 1291 1294; x_wconf 87' lang='lat' dir='ltr'><strong>tripinnatisec·</strong></span> 
     </span>
     <span class='ocr_line' id='line_1_11' title="bbox 31 1299 1291 1387; baseline -0.006 -17"><span class='ocrx_word' id='word_1_81' title='bbox 31 1303 70 1384; x_wconf 85' lang='lat' dir='ltr'><strong>tis,</strong></span> <span class='ocrx_word' id='word_1_82' title='bbox 86 1304 291 1370; x_wconf 72' lang='lat' dir='ltr'><strong>intermediis</strong></span> <span class='ocrx_word' id='word_1_83' title='bbox 309 1303 482 1370; x_wconf 90' lang='lat' dir='ltr'><strong>sessilibus</strong></span> <span class='ocrx_word' id='word_1_84' title='bbox 498 1303 693 1387; x_wconf 88' lang='lat' dir='ltr'><strong>bipinnatim</strong></span> <span class='ocrx_word' id='word_1_85' title='bbox 712 1307 744 1368; x_wconf 88' lang='lat' dir='ltr'><strong>et</strong></span> <span class='ocrx_word' id='word_1_86' title='bbox 759 1301 918 1385; x_wconf 89' lang='lat' dir='ltr'><strong>pinnatim</strong></span> <span class='ocrx_word' id='word_1_87' title='bbox 938 1301 1046 1374; x_wconf 85' lang='lat' dir='ltr'><strong>sectis,</strong></span> <span class='ocrx_word' id='word_1_88' title='bbox 1074 1299 1216 1367; x_wconf 79' lang='lat' dir='ltr'><strong>bracteis</strong></span> <span class='ocrx_word' id='word_1_89' title='bbox 1233 1299 1291 1364; x_wconf 88' lang='lat' dir='ltr'><strong>tri·</strong></span> 
     </span>
     <span class='ocr_line' id='line_1_12' title="bbox 30 1387 1291 1476; baseline -0.001 -21"><span class='ocrx_word' id='word_1_90' title='bbox 30 1391 91 1458; x_wconf 87' lang='lat' dir='ltr'><strong>lidis</strong></span> <span class='ocrx_word' id='word_1_91' title='bbox 116 1399 148 1458; x_wconf 92' lang='lat' dir='ltr'><strong>et</strong></span> <span class='ocrx_word' id='word_1_92' title='bbox 176 1392 343 1472; x_wconf 87' lang='lat' dir='ltr'><strong>indivisis,</strong></span> <span class='ocrx_word' id='word_1_93' title='bbox 373 1393 531 1476; x_wconf 87' lang='lat' dir='ltr'><strong>paniculae</strong></span> <span class='ocrx_word' id='word_1_94' title='bbox 561 1392 662 1459; x_wconf 87' lang='lat' dir='ltr'><strong>ramis</strong></span> <span class='ocrx_word' id='word_1_95' title='bbox 691 1391 816 1457; x_wconf 87' lang='lat' dir='ltr'><strong>strictis</strong></span> <span class='ocrx_word' id='word_1_96' title='bbox 846 1389 1109 1466; x_wconf 77' lang='lat' dir='ltr'><strong>unitateralibus</strong></span> <span class='ocrx_word' id='word_1_97' title='bbox 1138 1387 1291 1472; x_wconf 88' lang='lat' dir='ltr'><strong>capitvdis</strong></span> 
     </span>
     <span class='ocr_line' id='line_1_13' title="bbox 28 1477 1290 1564; baseline -0.002 -19"><span class='ocrx_word' id='word_1_98' title='bbox 28 1481 230 1548; x_wconf 80' lang='lat' dir='ltr'><strong>mediocribus</strong></span> <span class='ocrx_word' id='word_1_99' title='bbox 247 1482 379 1547; x_wconf 79' lang='lat' dir='ltr'><strong>cernuis</strong></span> <span class='ocrx_word' id='word_1_100' title='bbox 398 1481 616 1564; x_wconf 87' lang='lat' dir='ltr'><strong>subglobosis,</strong></span> <span class='ocrx_word' id='word_1_101' title='bbox 635 1481 799 1548; x_wconf 83' lang='lat' dir='ltr'><strong>involucri</strong></span> <span class='ocrx_word' id='word_1_102' title='bbox 816 1479 975 1562; x_wconf 87' lang='lat' dir='ltr'><strong>adpresse</strong></span> <span class='ocrx_word' id='word_1_103' title='bbox 996 1479 1151 1564; x_wconf 90' lang='lat' dir='ltr'><strong>puberuli</strong></span> <span class='ocrx_word' id='word_1_104' title='bbox 1170 1477 1290 1561; x_wconf 84' lang='lat' dir='ltr'><strong>phyllis</strong></span> 
     </span>
     <span class='ocr_line' id='line_1_14' title="bbox 27 1569 1292 1651; baseline -0.002 -17"><span class='ocrx_word' id='word_1_105' title='bbox 27 1571 156 1636; x_wconf 83' lang='lat' dir='ltr'><strong>externis</strong></span> <span class='ocrx_word' id='word_1_106' title='bbox 168 1570 352 1637; x_wconf 81' lang='lat' dir='ltr'><strong>linearibus</strong></span> <span class='ocrx_word' id='word_1_107' title='bbox 364 1571 420 1636; x_wconf 88' lang='lat' dir='ltr'><strong>vix</strong></span> <span class='ocrx_word' id='word_1_108' title='bbox 433 1570 586 1638; x_wconf 86' lang='lat' dir='ltr'><strong>scariosis</strong></span> <span class='ocrx_word' id='word_1_109' title='bbox 598 1572 728 1636; x_wconf 86' lang='lat' dir='ltr'><strong>interna</strong></span> <span class='ocrx_word' id='word_1_110' title='bbox 745 1575 842 1636; x_wconf 87' lang='lat' dir='ltr'><strong>ovata</strong></span> <span class='ocrx_word' id='word_1_111' title='bbox 857 1569 919 1635; x_wconf 89' lang='lat' dir='ltr'><strong>late</strong></span> <span class='ocrx_word' id='word_1_112' title='bbox 935 1569 1079 1636; x_wconf 89' lang='lat' dir='ltr'><strong>scaricsa</strong></span> <span class='ocrx_word' id='word_1_113' title='bbox 1093 1569 1292 1651; x_wconf 68' lang='lat' dir='ltr'><strong>subsequan-</strong></span> 
     </span>
     <span class='ocr_line' id='line_1_15' title="bbox 27 1657 1033 1740; baseline 0.001 -19"><span class='ocrx_word' id='word_1_114' title='bbox 27 1658 111 1738; x_wconf 84' lang='lat' dir='ltr'><strong>tibus‚</strong></span> <span class='ocrx_word' id='word_1_115' title='bbox 129 1659 275 1726; x_wconf 88' lang='lat' dir='ltr'><strong>acheniis</strong></span> <span class='ocrx_word' id='word_1_116' title='bbox 290 1660 438 1726; x_wconf 87' lang='lat' dir='ltr'><strong>obovatis</strong></span> <span class='ocrx_word' id='word_1_117' title='bbox 457 1659 581 1740; x_wconf 78' lang='lat' dir='ltr'><strong>glabris</strong></span> <span class='ocrx_word' id='word_1_118' title='bbox 608 1669 653 1733; x_wconf 71' lang='lat' dir='ltr'><strong>tt.</strong></span> <span class='ocrx_word' id='word_1_119' title='bbox 672 1659 715 1726; x_wconf 93' lang='lat' dir='ltr'><strong>lc.</strong></span> <span class='ocrx_word' id='word_1_120' title='bbox 733 1659 834 1724; x_wconf 89' lang='lat' dir='ltr'><strong>Rchb.</strong></span> <span class='ocrx_word' id='word_1_121' title='bbox 855 1657 918 1723; x_wconf 88' lang='lat' dir='ltr'><strong>tab.</strong></span> <span class='ocrx_word' id='word_1_122' title='bbox 939 1657 1033 1723; x_wconf 76' lang='lat' dir='ltr'><strong>luae.</strong></span> 
     </span>
    </p>
   </div>
   <div class='ocr_carea' id='block_1_5' title="bbox 17 1765 1291 2053">
    <p class='ocr_par' dir='ltr' id='par_1_8' title="bbox 17 1765 1291 2053">
     <span class='ocr_line' id='line_1_16' title="bbox 54 1765 1291 1840; baseline -0.002 -17"><span class='ocrx_word' id='word_1_123' title='bbox 54 1768 122 1824; x_wconf 88' lang='lat' dir='ltr'><strong>llab.</strong></span> <span class='ocrx_word' id='word_1_124' title='bbox 136 1769 166 1824; x_wconf 90' lang='lat' dir='ltr'><strong>in</strong></span> <span class='ocrx_word' id='word_1_125' title='bbox 181 1769 304 1825; x_wconf 81' lang='lat' dir='ltr'><strong>incultis</strong></span> <span class='ocrx_word' id='word_1_126' title='bbox 318 1770 402 1826; x_wconf 89' lang='lat' dir='ltr'><strong>siccis</strong></span> <span class='ocrx_word' id='word_1_127' title='bbox 415 1769 551 1825; x_wconf 74' lang='lat' dir='ltr'><strong>Thraciae</strong></span> <span class='ocrx_word' id='word_1_128' title='bbox 565 1769 680 1840; x_wconf 61' lang='lat' dir='ltr'><strong>(Fris),</strong></span> <span class='ocrx_word' id='word_1_129' title='bbox 696 1769 837 1825; x_wconf 79' lang='lat' dir='ltr'><strong>Anatolia</strong></span> <span class='ocrx_word' id='word_1_130' title='bbox 848 1768 962 1824; x_wconf 88' lang='lat' dir='ltr'><strong>boreali</strong></span> <span class='ocrx_word' id='word_1_131' title='bbox 975 1767 1107 1836; x_wconf 75' lang='lat' dir='ltr'><strong>(wicel),</strong></span> <span class='ocrx_word' id='word_1_132' title='bbox 1125 1766 1163 1822; x_wconf 89' lang='lat' dir='ltr'><strong>ad</strong></span> <span class='ocrx_word' id='word_1_133' title='bbox 1177 1765 1291 1822; x_wconf 79' lang='lat' dir='ltr'><strong>radices</strong></span> 
     </span>
     <span class='ocr_line' id='line_1_17' title="bbox 25 1836 1290 1912; baseline -0.003 -18"><span class='ocrx_word' id='word_1_134' title='bbox 25 1837 102 1896; x_wconf 84' lang='lat' dir='ltr'><strong>Tauri</strong></span> <span class='ocrx_word' id='word_1_135' title='bbox 112 1841 232 1898; x_wconf 86' lang='lat' dir='ltr'><strong>isaurici</strong></span> <span class='ocrx_word' id='word_1_136' title='bbox 245 1841 415 1910; x_wconf 77' lang='lat' dir='ltr'><strong>(Heldruct</strong></span> <span class='ocrx_word' id='word_1_137' title='bbox 428 1840 541 1896; x_wconf 92' lang='lat' dir='ltr'><strong>Ciliclci</strong></span> <span class='ocrx_word' id='word_1_138' title='bbox 554 1841 625 1912; x_wconf 82' lang='lat' dir='ltr'><strong>(Ky.</strong></span> <span class='ocrx_word' id='word_1_139' title='bbox 638 1841 725 1909; x_wconf 68' lang='lat'><strong>2351),</strong></span> <span class='ocrx_word' id='word_1_140' title='bbox 739 1839 1012 1896; x_wconf 79' lang='lat' dir='ltr'><strong>ArmeniaTurcicd</strong></span> <span class='ocrx_word' id='word_1_141' title='bbox 1025 1838 1164 1910; x_wconf 86' lang='lat' dir='ltr'><strong>(Bourglt</strong></span> <span class='ocrx_word' id='word_1_142' title='bbox 1177 1843 1205 1892; x_wconf 89' lang='lat' dir='ltr'><strong>et</strong></span> <span class='ocrx_word' id='word_1_143' title='bbox 1218 1836 1290 1892; x_wconf 85' lang='lat' dir='ltr'><strong>Ros-</strong></span> 
     </span>
     <span class='ocr_line' id='line_1_18' title="bbox 17 1907 1290 1984; baseline -0.005 -18"><span class='ocrx_word' id='word_1_144' title='bbox 17 1911 80 1978; x_wconf 62' lang='grc' dir='ltr'><strong>τίω),</strong></span> <span class='ocrx_word' id='word_1_145' title='bbox 89 1911 200 1967; x_wconf 78' lang='lat' dir='ltr'><strong>Tauria</strong></span> <span class='ocrx_word' id='word_1_146' title='bbox 212 1916 242 1968; x_wconf 81' lang='lat' dir='ltr'><strong>et</strong></span> <span class='ocrx_word' id='word_1_147' title='bbox 254 1928 337 1984; x_wconf 90' lang='lat' dir='ltr'><strong>prov.</strong></span> <span class='ocrx_word' id='word_1_148' title='bbox 345 1912 515 1968; x_wconf 89' lang='lat' dir='ltr'><strong>Caucasicis</strong></span> <span class='ocrx_word' id='word_1_149' title='bbox 528 1927 623 1983; x_wconf 87' lang='lat' dir='ltr'><strong>usque</strong></span> <span class='ocrx_word' id='word_1_150' title='bbox 636 1913 674 1968; x_wconf 84' lang='lat' dir='ltr'><strong>ad</strong></span> <span class='ocrx_word' id='word_1_151' title='bbox 688 1911 768 1968; x_wconf 82' lang='lat'><strong>5000&#39;</strong></span> <span class='ocrx_word' id='word_1_152' title='bbox 782 1913 865 1980; x_wconf 68' lang='lat' dir='ltr'><strong>(Cn.</strong></span> <span class='ocrx_word' id='word_1_153' title='bbox 880 1911 966 1981; x_wconf 74' lang='lat' dir='ltr'><strong>hley,</strong></span> <span class='ocrx_word' id='word_1_154' title='bbox 980 1909 1104 1980; x_wconf 89' lang='lat' dir='ltr'><strong>Owerl),</strong></span> <span class='ocrx_word' id='word_1_155' title='bbox 1116 1909 1218 1965; x_wconf 76' lang='lat' dir='ltr'><strong>Persis</strong></span> <span class='ocrx_word' id='word_1_156' title='bbox 1227 1907 1290 1963; x_wconf 91' lang='lat' dir='ltr'><strong>hor.</strong></span> 
     </span>
     <span class='ocr_line' id='line_1_19' title="bbox 24 1981 1041 2053; baseline -0.003 -16"><span class='ocrx_word' id='word_1_157' title='bbox 24 1982 56 2038; x_wconf 79' lang='lat' dir='ltr'><strong>ed</strong></span> <span class='ocrx_word' id='word_1_158' title='bbox 69 1983 178 2039; x_wconf 84' lang='lat' dir='ltr'><strong>radices</strong></span> <span class='ocrx_word' id='word_1_159' title='bbox 191 1985 303 2039; x_wconf 88' lang='lat' dir='ltr'><strong>montis</strong></span> <span class='ocrx_word' id='word_1_160' title='bbox 316 1983 492 2039; x_wconf 88' lang='lat' dir='ltr'><strong>Demavend</strong></span> <span class='ocrx_word' id='word_1_161' title='bbox 506 1983 612 2052; x_wconf 84' lang='lat' dir='ltr'><strong>(Auch.</strong></span> <span class='ocrx_word' id='word_1_162' title='bbox 625 1983 731 2053; x_wconf 77' lang='grc'>4772)),</span> <span class='ocrx_word' id='word_1_163' title='bbox 746 1982 906 2053; x_wconf 78' lang='lat' dir='ltr'><strong>Affghania</strong></span> <span class='ocrx_word' id='word_1_164' title='bbox 920 1981 1010 2050; x_wconf 70' lang='lat' dir='ltr'><strong>vGriti</strong></span> <span class='ocrx_word' id='word_1_165' title='bbox 1013 1982 1041 2050; x_wconf 88' lang='lat' dir='ltr'><strong>l).</strong></span> 
     </span>
    </p>
   </div>
   <div class='ocr_carea' id='block_1_6' title="bbox 14 2073 1290 2222">
    <p class='ocr_par' dir='ltr' id='par_1_9' title="bbox 14 2073 1290 2222">
     <span class='ocr_line' id='line_1_20' title="bbox 50 2073 1290 2151; baseline -0.005 -18"><span class='ocrx_word' id='word_1_166' title='bbox 50 2079 92 2133; x_wconf 76' lang='lat' dir='ltr'><strong>tr.</strong></span> <span class='ocrx_word' id='word_1_167' title='bbox 112 2079 215 2148; x_wconf 81' lang='lat' dir='ltr'><strong>tlcegr.</strong></span> <span class='ocrx_word' id='word_1_168' title='bbox 236 2078 358 2151; x_wconf 82' lang='lat' dir='ltr'><strong>Europa</strong></span> <span class='ocrx_word' id='word_1_169' title='bbox 371 2078 468 2133; x_wconf 87' lang='lat' dir='ltr'><strong>media</strong></span> <span class='ocrx_word' id='word_1_170' title='bbox 481 2080 511 2133; x_wconf 86' lang='lat' dir='ltr'><strong>et</strong></span> <span class='ocrx_word' id='word_1_171' title='bbox 522 2077 662 2133; x_wconf 86' lang='lat' dir='ltr'><strong>australis</strong></span> <span class='ocrx_word' id='word_1_172' title='bbox 674 2095 691 2133; x_wconf 87' lang='lat' dir='ltr'><strong>a</strong></span> <span class='ocrx_word' id='word_1_173' title='bbox 705 2077 806 2133; x_wconf 77' lang='lat' dir='ltr'><strong>Gallia</strong></span> <span class='ocrx_word' id='word_1_174' title='bbox 817 2077 917 2133; x_wconf 81' lang='lat' dir='ltr'><strong>media</strong></span> <span class='ocrx_word' id='word_1_175' title='bbox 929 2079 958 2132; x_wconf 91' lang='lat' dir='ltr'><strong>et</strong></span> <span class='ocrx_word' id='word_1_176' title='bbox 970 2075 1131 2132; x_wconf 78' lang='lat' dir='ltr'><strong>Germania</strong></span> <span class='ocrx_word' id='word_1_177' title='bbox 1144 2073 1242 2129; x_wconf 79' lang='lat' dir='ltr'><strong>media</strong></span> <span class='ocrx_word' id='word_1_178' title='bbox 1253 2073 1290 2128; x_wconf 85' lang='lat' dir='ltr'><strong>ad</strong></span> 
     </span>
     <span class='ocr_line' id='line_1_21' title="bbox 14 2145 1000 2222; baseline -0.001 -20"><span class='ocrx_word' id='word_1_179' title='bbox 14 2145 147 2206; x_wconf 83' lang='lat' dir='ltr'><strong>liossiam</strong></span> <span class='ocrx_word' id='word_1_180' title='bbox 161 2149 434 2222; x_wconf 76' lang='lat' dir='ltr'><strong>septemtionalem,</strong></span> <span class='ocrx_word' id='word_1_181' title='bbox 449 2149 605 2221; x_wconf 88' lang='lat' dir='ltr'><strong>Songaria,</strong></span> <span class='ocrx_word' id='word_1_182' title='bbox 619 2149 738 2218; x_wconf 85' lang='lat' dir='ltr'><strong>Sibiris,</strong></span> <span class='ocrx_word' id='word_1_183' title='bbox 751 2150 851 2205; x_wconf 80' lang='lat' dir='ltr'><strong>Africa</strong></span> <span class='ocrx_word' id='word_1_184' title='bbox 863 2147 1000 2204; x_wconf 84' lang='lat' dir='ltr'><strong>borealis</strong></span> 
     </span>
    </p>
   </div>
   <div class='ocr_carea' id='block_1_7' title="bbox 10 2331 1319 3120">
    <p class='ocr_par' dir='ltr' id='par_1_10' title="bbox 10 2331 1319 3120">
     <span class='ocr_line' id='line_1_22' title="bbox 60 2331 1293 2420; baseline -0.001 -21"><span class='ocrx_word' id='word_1_185' title='bbox 60 2337 106 2400; x_wconf 82' lang='grc'><strong>31.</strong></span> <span class='ocrx_word' id='word_1_186' title='bbox 133 2334 180 2403; x_wconf 77' lang='grc' dir='ltr'><strong>Δ.</strong></span> <span class='ocrx_word' id='word_1_187' title='bbox 206 2331 455 2402; x_wconf 84' lang='lat' dir='ltr'><strong>Kulbadlca</strong></span> <span class='ocrx_word' id='word_1_188' title='bbox 478 2335 598 2419; x_wconf 82' lang='lat' dir='ltr'><strong>(Boiss.</strong></span> <span class='ocrx_word' id='word_1_189' title='bbox 630 2342 664 2401; x_wconf 89' lang='lat' dir='ltr'><strong>et</strong></span> <span class='ocrx_word' id='word_1_190' title='bbox 692 2335 804 2401; x_wconf 91' lang='lat' dir='ltr'><strong>Buhse</strong></span> <span class='ocrx_word' id='word_1_191' title='bbox 832 2335 926 2401; x_wconf 84' lang='lat' dir='ltr'><strong>Aulz.</strong></span> <span class='ocrx_word' id='word_1_192' title='bbox 960 2355 991 2418; x_wconf 88' lang='lat' dir='ltr'><strong>p.</strong></span> <span class='ocrx_word' id='word_1_193' title='bbox 1026 2333 1101 2420; x_wconf 72' lang='lat' dir='ltr'><strong>titt)</strong></span> <span class='ocrx_word' id='word_1_194' title='bbox 1132 2335 1293 2416; x_wconf 88' lang='lat' dir='ltr'><strong>adpresse</strong></span> 
     </span>
     <span class='ocr_line' id='line_1_23' title="bbox 22 2423 1292 2508; baseline 0.002 -21"><span class='ocrx_word' id='word_1_195' title='bbox 22 2441 200 2504; x_wconf 76' lang='lat' dir='ltr'><strong>canescens,</strong></span> <span class='ocrx_word' id='word_1_196' title='bbox 221 2423 371 2490; x_wconf 86' lang='lat' dir='ltr'><strong>caulibus</strong></span> <span class='ocrx_word' id='word_1_197' title='bbox 390 2423 560 2490; x_wconf 80' lang='lat' dir='ltr'><strong>herbaceis</strong></span> <span class='ocrx_word' id='word_1_198' title='bbox 591 2425 752 2507; x_wconf 88' lang='lat' dir='ltr'><strong>angulatis</strong></span> <span class='ocrx_word' id='word_1_199' title='bbox 780 2424 814 2489; x_wconf 92' lang='lat' dir='ltr'><strong>in</strong></span> <span class='ocrx_word' id='word_1_200' title='bbox 840 2425 1023 2508; x_wconf 86' lang='lat' dir='ltr'><strong>paniculum</strong></span> <span class='ocrx_word' id='word_1_201' title='bbox 1054 2423 1292 2506; x_wconf 84' lang='lat' dir='ltr'><strong>pyramidatam</strong></span> 
     </span>
     <span class='ocr_line' id='line_1_24' title="bbox 24 2512 1293 2596; baseline 0 -18"><span class='ocrx_word' id='word_1_202' title='bbox 24 2512 220 2592; x_wconf 64' lang='lat' dir='ltr'><strong>amantibus,</strong></span> <span class='ocrx_word' id='word_1_203' title='bbox 234 2512 319 2577; x_wconf 88' lang='lat' dir='ltr'><strong>loliis</strong></span> <span class='ocrx_word' id='word_1_204' title='bbox 339 2513 480 2578; x_wconf 88' lang='lat' dir='ltr'><strong>caulium</strong></span> <span class='ocrx_word' id='word_1_205' title='bbox 495 2514 657 2580; x_wconf 84' lang='lat' dir='ltr'><strong>sterilium</strong></span> <span class='ocrx_word' id='word_1_206' title='bbox 677 2513 772 2596; x_wconf 90' lang='lat' dir='ltr'><strong>longe</strong></span> <span class='ocrx_word' id='word_1_207' title='bbox 788 2514 951 2596; x_wconf 86' lang='lat' dir='ltr'><strong>petiolatis</strong></span> <span class='ocrx_word' id='word_1_208' title='bbox 967 2513 1091 2579; x_wconf 87' lang='lat' dir='ltr'><strong>ambitu</strong></span> <span class='ocrx_word' id='word_1_209' title='bbox 1104 2513 1168 2580; x_wconf 89' lang='lat' dir='ltr'><strong>late</strong></span> <span class='ocrx_word' id='word_1_210' title='bbox 1186 2512 1293 2578; x_wconf 88' lang='lat' dir='ltr'><strong>ovatis</strong></span> 
     </span>
     <span class='ocr_line' id='line_1_25' title="bbox 24 2599 1293 2685; baseline 0 -19"><span class='ocrx_word' id='word_1_211' title='bbox 24 2599 196 2669; x_wconf 84' lang='lat' dir='ltr'><strong>inlaclnias</strong></span> <span class='ocrx_word' id='word_1_212' title='bbox 223 2601 339 2666; x_wconf 82' lang='lat' dir='ltr'><strong>lineari</strong></span> <span class='ocrx_word' id='word_1_213' title='bbox 355 2601 408 2666; x_wconf 92' lang='lat' dir='ltr'><strong>vel</strong></span> <span class='ocrx_word' id='word_1_214' title='bbox 424 2601 782 2685; x_wconf 85' lang='lat' dir='ltr'><strong>oblongo-spathuletas</strong></span> <span class='ocrx_word' id='word_1_215' title='bbox 801 2603 936 2668; x_wconf 85' lang='lat' dir='ltr'><strong>obtusas</strong></span> <span class='ocrx_word' id='word_1_216' title='bbox 954 2601 1170 2668; x_wconf 88' lang='lat' dir='ltr'><strong>decurrentes</strong></span> <span class='ocrx_word' id='word_1_217' title='bbox 1188 2601 1293 2684; x_wconf 89' lang='lat' dir='ltr'><strong>bipin-</strong></span> 
     </span>
     <span class='ocr_line' id='line_1_26' title="bbox 26 2689 1292 2774; baseline 0 -18"><span class='ocrx_word' id='word_1_218' title='bbox 26 2691 189 2772; x_wconf 74' lang='lat' dir='ltr'><strong>nnlisecliS,</strong></span> <span class='ocrx_word' id='word_1_219' title='bbox 216 2689 446 2772; x_wconf 89' lang='lat' dir='ltr'><strong>superioribus</strong></span> <span class='ocrx_word' id='word_1_220' title='bbox 464 2689 800 2774; x_wconf 87' lang='lat' dir='ltr'><strong>oblongo-linearibus</strong></span> <span class='ocrx_word' id='word_1_221' title='bbox 827 2691 989 2772; x_wconf 85' lang='lat' dir='ltr'><strong>indivisis,</strong></span> <span class='ocrx_word' id='word_1_222' title='bbox 1014 2691 1174 2774; x_wconf 71' lang='lat' dir='ltr'><strong>paniculae</strong></span> <span class='ocrx_word' id='word_1_223' title='bbox 1192 2690 1292 2756; x_wconf 88' lang='lat' dir='ltr'><strong>ramis</strong></span> 
     </span>
     <span class='ocr_line' id='line_1_27' title="bbox 10 2779 1293 2862; baseline -0.002 -16"><span class='ocrx_word' id='word_1_224' title='bbox 10 2779 265 2846; x_wconf 83' lang='lat' dir='ltr'><strong>vullateralibus</strong></span> <span class='ocrx_word' id='word_1_225' title='bbox 291 2779 456 2862; x_wconf 86' lang='lat' dir='ltr'><strong>expansis,</strong></span> <span class='ocrx_word' id='word_1_226' title='bbox 477 2779 629 2862; x_wconf 83' lang='lat' dir='ltr'><strong>capitulis</strong></span> <span class='ocrx_word' id='word_1_227' title='bbox 656 2781 788 2846; x_wconf 78' lang='lat' dir='ltr'><strong>cernuis</strong></span> <span class='ocrx_word' id='word_1_228' title='bbox 807 2781 951 2862; x_wconf 77' lang='lat' dir='ltr'><strong>globosis</strong></span> <span class='ocrx_word' id='word_1_229' title='bbox 974 2779 1197 2846; x_wconf 89' lang='lat' dir='ltr'><strong>mediocribus</strong></span> <span class='ocrx_word' id='word_1_230' title='bbox 1224 2780 1293 2844; x_wconf 89' lang='lat' dir='ltr'><strong>lon-</strong></span> 
     </span>
     <span class='ocr_line' id='line_1_28' title="bbox 22 2866 1293 2954; baseline 0 -22"><span class='ocrx_word' id='word_1_231' title='bbox 22 2866 154 2948; x_wconf 84' lang='lat' dir='ltr'><strong>giuscule</strong></span> <span class='ocrx_word' id='word_1_232' title='bbox 173 2867 387 2950; x_wconf 89' lang='lat' dir='ltr'><strong>pedicellatis,</strong></span> <span class='ocrx_word' id='word_1_233' title='bbox 405 2867 569 2934; x_wconf 91' lang='lat' dir='ltr'><strong>involucri</strong></span> <span class='ocrx_word' id='word_1_234' title='bbox 588 2869 748 2935; x_wconf 88' lang='lat' dir='ltr'><strong>turbinati</strong></span> <span class='ocrx_word' id='word_1_235' title='bbox 771 2869 894 2954; x_wconf 91' lang='lat' dir='ltr'><strong>phyllis</strong></span> <span class='ocrx_word' id='word_1_236' title='bbox 919 2869 1093 2952; x_wconf 88' lang='lat' dir='ltr'><strong>puberulis</strong></span> <span class='ocrx_word' id='word_1_237' title='bbox 1112 2867 1152 2933; x_wconf 87' lang='lat' dir='ltr'><strong>ab</strong></span> <span class='ocrx_word' id='word_1_238' title='bbox 1170 2867 1293 2933; x_wconf 89' lang='lat' dir='ltr'><strong>infimis</strong></span> 
     </span>
     <span class='ocr_line' id='line_1_29' title="bbox 22 2955 1319 3040; baseline 0.002 -21"><span class='ocrx_word' id='word_1_239' title='bbox 22 2955 156 3040; x_wconf 82' lang='lat' dir='ltr'><strong>oblongis</strong></span> <span class='ocrx_word' id='word_1_240' title='bbox 176 2957 347 3023; x_wconf 88' lang='lat' dir='ltr'><strong>herbaceis</strong></span> <span class='ocrx_word' id='word_1_241' title='bbox 363 2957 468 3023; x_wconf 91' lang='lat' dir='ltr'><strong>multo</strong></span> <span class='ocrx_word' id='word_1_242' title='bbox 485 2957 696 3028; x_wconf 87' lang='lat' dir='ltr'><strong>brevioribus</strong></span> <span class='ocrx_word' id='word_1_243' title='bbox 712 2957 752 3023; x_wconf 88' lang='lat' dir='ltr'><strong>ad</strong></span> <span class='ocrx_word' id='word_1_244' title='bbox 772 2958 928 3025; x_wconf 88' lang='lat' dir='ltr'><strong>interiora</strong></span> <span class='ocrx_word' id='word_1_245' title='bbox 947 2962 1042 3024; x_wconf 84' lang='lat' dir='ltr'><strong>ovata</strong></span> <span class='ocrx_word' id='word_1_246' title='bbox 1060 2956 1209 3039; x_wconf 89' lang='lat' dir='ltr'><strong>margine</strong></span> <span class='ocrx_word' id='word_1_247' title='bbox 1225 2974 1293 3022; x_wconf 89' lang='lat' dir='ltr'><strong>sca·</strong></span> <span class='ocrx_word' id='word_1_248' title='bbox 1317 2994 1319 2998; x_wconf 81' lang='lat'><em>.</em></span> 
     </span>
     <span class='ocr_line' id='line_1_30' title="bbox 22 3044 429 3120; baseline 0.002 -11"><span class='ocrx_word' id='word_1_249' title='bbox 22 3044 96 3112; x_wconf 88' lang='lat' dir='ltr'><strong>viosa</strong></span> <span class='ocrx_word' id='word_1_250' title='bbox 114 3045 242 3112; x_wconf 85' lang='lat' dir='ltr'><strong>sensim</strong></span> <span class='ocrx_word' id='word_1_251' title='bbox 257 3046 362 3112; x_wconf 88' lang='lat' dir='ltr'><strong>auctis</strong></span> <span class='ocrx_word' id='word_1_252' title='bbox 384 3055 429 3120; x_wconf 69' lang='lat' dir='ltr'><strong>ll.</strong></span> 
     </span>
    </p>
   </div>
   <div class='ocr_carea' id='block_1_8' title="bbox 49 3153 642 3230">
    <p class='ocr_par' dir='ltr' id='par_1_11' title="bbox 49 3153 642 3230">
     <span class='ocr_line' id='line_1_31' title="bbox 49 3153 642 3230; baseline 0.008 -22"><span class='ocrx_word' id='word_1_253' title='bbox 49 3153 118 3212; x_wconf 84' lang='lat' dir='ltr'><strong>llab.</strong></span> <span class='ocrx_word' id='word_1_254' title='bbox 133 3158 165 3211; x_wconf 93' lang='lat' dir='ltr'><strong>in</strong></span> <span class='ocrx_word' id='word_1_255' title='bbox 183 3156 277 3228; x_wconf 89' lang='lat' dir='ltr'><strong>pratis</strong></span> <span class='ocrx_word' id='word_1_256' title='bbox 290 3155 327 3210; x_wconf 89' lang='lat' dir='ltr'><strong>ad</strong></span> <span class='ocrx_word' id='word_1_257' title='bbox 340 3171 420 3212; x_wconf 85' lang='lat' dir='ltr'><strong>urere</strong></span> <span class='ocrx_word' id='word_1_258' title='bbox 433 3156 489 3212; x_wconf 90' lang='lat' dir='ltr'><strong>Cas</strong></span> <span class='ocrx_word' id='word_1_259' title='bbox 512 3158 574 3212; x_wconf 86' lang='lat' dir='ltr'><strong>ium</strong></span> <span class='ocrx_word' id='word_1_260' title='bbox 588 3173 642 3230; x_wconf 91' lang='lat' dir='ltr'><strong>pro</strong></span> 
     </span>
    </p>
   </div>
   <div class='ocr_carea' id='block_1_9' title="bbox 21 3122 1294 3299">
    <p class='ocr_par' dir='ltr' id='par_1_12' title="bbox 21 3122 1294 3299">
     <span class='ocr_line' id='line_1_32' title="bbox 665 3122 1294 3230; baseline -0.006 -17"><span class='ocrx_word' id='word_1_261' title='bbox 665 3174 680 3213; x_wconf 94' lang='lat' dir='ltr'><strong>e</strong></span> <span class='ocrx_word' id='word_1_262' title='bbox 698 3156 818 3212; x_wconf 80' lang='lat' dir='ltr'><strong>liulbad</strong></span> <span class='ocrx_word' id='word_1_263' title='bbox 837 3122 897 3212; x_wconf 88' lang='lat' dir='ltr'><strong>non</strong></span> <span class='ocrx_word' id='word_1_264' title='bbox 912 3156 1014 3230; x_wconf 90' lang='lat' dir='ltr'><strong>procul</strong></span> <span class='ocrx_word' id='word_1_265' title='bbox 1036 3157 1075 3212; x_wconf 89' lang='lat' dir='ltr'><strong>ab</strong></span> <span class='ocrx_word' id='word_1_266' title='bbox 1088 3156 1161 3212; x_wconf 90' lang='lat' dir='ltr'><strong>urbe</strong></span> <span class='ocrx_word' id='word_1_267' title='bbox 1174 3157 1294 3210; x_wconf 83' lang='lat' dir='ltr'><strong>Astera-</strong></span> 
     </span>
     <span class='ocr_line' id='line_1_33' title="bbox 21 3175 865 3299; baseline 0.002 -19"><span class='ocrx_word' id='word_1_268' title='bbox 21 3221 69 3282; x_wconf 76' lang='lat' dir='ltr'><strong>kad</strong></span> <span class='ocrx_word' id='word_1_269' title='bbox 80 3227 191 3283; x_wconf 81' lang='lat' dir='ltr'><strong>Persiae</strong></span> <span class='ocrx_word' id='word_1_270' title='bbox 206 3226 336 3282; x_wconf 89' lang='lat' dir='ltr'><strong>borealis</strong></span> <span class='ocrx_word' id='word_1_271' title='bbox 349 3229 467 3299; x_wconf 89' lang='lat' dir='ltr'><strong>copiose</strong></span> <span class='ocrx_word' id='word_1_272' title='bbox 482 3231 495 3298; x_wconf 84' lang='lat'>(</span> <span class='ocrx_word' id='word_1_273' title='bbox 523 3232 634 3298; x_wconf 89' lang='lat' dir='ltr'><strong>unsel).</strong></span> <span class='ocrx_word' id='word_1_274' title='bbox 646 3175 691 3283; x_wconf 50' lang='grc' dir='ltr'><strong>ἵ).</strong></span> <span class='ocrx_word' id='word_1_275' title='bbox 709 3227 773 3284; x_wconf 92' lang='lat' dir='ltr'><strong>Oct.</strong></span> <span class='ocrx_word' id='word_1_276' title='bbox 787 3230 865 3284; x_wconf 91' lang='lat' dir='ltr'><strong>Nov.</strong></span> 
     </span>
    </p>
   </div>
   <div class='ocr_carea' id='block_1_10' title="bbox 19 3321 1294 3538">
    <p class='ocr_par' dir='ltr' id='par_1_13' title="bbox 19 3321 1294 3538">
     <span class='ocr_line' id='line_1_34' title="bbox 49 3321 1293 3394; baseline 0.002 -18"><span class='ocrx_word' id='word_1_277' title='bbox 49 3321 134 3378; x_wconf 83' lang='lat' dir='ltr'><strong>Follis</strong></span> <span class='ocrx_word' id='word_1_278' title='bbox 148 3322 241 3377; x_wconf 86' lang='lat' dir='ltr'><strong>valde</strong></span> <span class='ocrx_word' id='word_1_279' title='bbox 255 3323 352 3378; x_wconf 87' lang='lat' dir='ltr'><strong>affinis</strong></span> <span class='ocrx_word' id='word_1_280' title='bbox 367 3325 405 3378; x_wconf 82' lang='lat' dir='ltr'><strong>A.</strong></span> <span class='ocrx_word' id='word_1_281' title='bbox 427 3322 581 3380; x_wconf 75' lang='lat' dir='ltr'><strong>Absintltio</strong></span> <span class='ocrx_word' id='word_1_282' title='bbox 593 3324 678 3394; x_wconf 86' lang='lat' dir='ltr'><strong>cujus</strong></span> <span class='ocrx_word' id='word_1_283' title='bbox 690 3325 788 3380; x_wconf 79' lang='lat' dir='ltr'><strong>forsan</strong></span> <span class='ocrx_word' id='word_1_284' title='bbox 804 3324 940 3392; x_wconf 81' lang='lat' dir='ltr'><strong>varietas,</strong></span> <span class='ocrx_word' id='word_1_285' title='bbox 950 3324 1089 3380; x_wconf 88' lang='lat' dir='ltr'><strong>distincta</strong></span> <span class='ocrx_word' id='word_1_286' title='bbox 1103 3327 1202 3378; x_wconf 68' lang='lat' dir='ltr'><strong>umen</strong></span> <span class='ocrx_word' id='word_1_287' title='bbox 1213 3323 1293 3378; x_wconf 92' lang='lat' dir='ltr'><strong>vide·</strong></span> 
     </span>
     <span class='ocr_line' id='line_1_35' title="bbox 21 3393 1294 3467; baseline 0.002 -21"><span class='ocrx_word' id='word_1_288' title='bbox 21 3393 59 3446; x_wconf 84' lang='lat' dir='ltr'><strong>tur</strong></span> <span class='ocrx_word' id='word_1_289' title='bbox 70 3395 219 3464; x_wconf 85' lang='lat' dir='ltr'><strong>paniculae</strong></span> <span class='ocrx_word' id='word_1_290' title='bbox 231 3393 416 3450; x_wconf 78' lang='lat' dir='ltr'><strong>abbreviata·</strong></span> <span class='ocrx_word' id='word_1_291' title='bbox 430 3395 626 3466; x_wconf 82' lang='lat' dir='ltr'><strong>pyramidatae</strong></span> <span class='ocrx_word' id='word_1_292' title='bbox 641 3411 693 3451; x_wconf 89' lang='lat' dir='ltr'><strong>nec</strong></span> <span class='ocrx_word' id='word_1_293' title='bbox 706 3396 814 3450; x_wconf 80' lang='lat' dir='ltr'><strong>strictae</strong></span> <span class='ocrx_word' id='word_1_294' title='bbox 827 3395 919 3450; x_wconf 86' lang='lat' dir='ltr'><strong>ramis</strong></span> <span class='ocrx_word' id='word_1_295' title='bbox 932 3394 1052 3467; x_wconf 85' lang='lat' dir='ltr'><strong>patulis,</strong></span> <span class='ocrx_word' id='word_1_296' title='bbox 1069 3393 1208 3466; x_wconf 89' lang='lat' dir='ltr'><strong>capitulis</strong></span> <span class='ocrx_word' id='word_1_297' title='bbox 1223 3394 1294 3450; x_wconf 91' lang='lat' dir='ltr'><strong>sub-</strong></span> 
     </span>
     <span class='ocr_line' id='line_1_36' title="bbox 19 3464 970 3538; baseline 0 -18"><span class='ocrx_word' id='word_1_298' title='bbox 19 3465 174 3521; x_wconf 77' lang='lat' dir='ltr'><strong>minoribus</strong></span> <span class='ocrx_word' id='word_1_299' title='bbox 188 3464 281 3538; x_wconf 83' lang='lat' dir='ltr'><strong>paulo</strong></span> <span class='ocrx_word' id='word_1_300' title='bbox 294 3465 413 3535; x_wconf 87' lang='lat' dir='ltr'><strong>longius</strong></span> <span class='ocrx_word' id='word_1_301' title='bbox 423 3465 615 3538; x_wconf 87' lang='lat' dir='ltr'><strong>pedicellatis,</strong></span> <span class='ocrx_word' id='word_1_302' title='bbox 629 3468 795 3538; x_wconf 79' lang='lat' dir='ltr'><strong>praesertim</strong></span> <span class='ocrx_word' id='word_1_303' title='bbox 807 3465 970 3522; x_wconf 86' lang='lat' dir='ltr'><strong>involucro.</strong></span> 
     </span>
    </p>
   </div>
   <div class='ocr_carea' id='block_1_11' title="bbox 15 3637 1295 4612">
    <p class='ocr_par' dir='ltr' id='par_1_14' title="bbox 15 3637 1295 4612">
     <span class='ocr_line' id='line_1_37' title="bbox 56 3637 1294 3724; baseline 0.002 -22"><span class='ocrx_word' id='word_1_304' title='bbox 56 3639 107 3703; x_wconf 76' lang='lat'><strong>32.</strong></span> <span class='ocrx_word' id='word_1_305' title='bbox 135 3639 185 3708; x_wconf 82' lang='grc' dir='ltr'><strong>Δ.</strong></span> <span class='ocrx_word' id='word_1_306' title='bbox 211 3638 394 3705; x_wconf 84' lang='lat' dir='ltr'><strong>Persica</strong></span> <span class='ocrx_word' id='word_1_307' title='bbox 417 3638 536 3724; x_wconf 84' lang='lat' dir='ltr'><strong>(Boiss.</strong></span> <span class='ocrx_word' id='word_1_308' title='bbox 552 3639 666 3722; x_wconf 82' lang='lat' dir='ltr'><strong>Diagn.</strong></span> <span class='ocrx_word' id='word_1_309' title='bbox 689 3638 759 3705; x_wconf 88' lang='lat' dir='ltr'><strong>Ser.</strong></span> <span class='ocrx_word' id='word_1_310' title='bbox 776 3639 800 3722; x_wconf 88' lang='lat' dir='ltr'><strong>l,</strong></span> <span class='ocrx_word' id='word_1_311' title='bbox 821 3642 851 3720; x_wconf 84' lang='lat'><strong>6,</strong></span> <span class='ocrx_word' id='word_1_312' title='bbox 870 3659 902 3724; x_wconf 91' lang='lat' dir='ltr'><strong>p.</strong></span> <span class='ocrx_word' id='word_1_313' title='bbox 920 3640 978 3723; x_wconf 88' lang='grc'><strong>91)</strong></span> <span class='ocrx_word' id='word_1_314' title='bbox 996 3640 1066 3706; x_wconf 91' lang='lat' dir='ltr'><strong>basi</strong></span> <span class='ocrx_word' id='word_1_315' title='bbox 1083 3637 1294 3706; x_wconf 83' lang='lat' dir='ltr'><strong>suifrrrticosa</strong></span> 
     </span>
     <span class='ocr_line' id='line_1_38' title="bbox 45 3727 1295 3812; baseline 0.001 -20"><span class='ocrx_word' id='word_1_316' title='bbox 45 3729 211 3795; x_wconf 86' lang='lat' dir='ltr'><strong>lticaulis</strong></span> <span class='ocrx_word' id='word_1_317' title='bbox 230 3728 416 3808; x_wconf 80' lang='lat' dir='ltr'><strong>demulces,</strong></span> <span class='ocrx_word' id='word_1_318' title='bbox 435 3727 585 3794; x_wconf 86' lang='lat' dir='ltr'><strong>caulibus</strong></span> <span class='ocrx_word' id='word_1_319' title='bbox 610 3729 749 3812; x_wconf 89' lang='lat' dir='ltr'><strong>virgatis</strong></span> <span class='ocrx_word' id='word_1_320' title='bbox 768 3729 920 3810; x_wconf 82' lang='lat' dir='ltr'><strong>rigidulis</strong></span> <span class='ocrx_word' id='word_1_321' title='bbox 940 3730 1058 3795; x_wconf 89' lang='lat' dir='ltr'><strong>erectis</strong></span> <span class='ocrx_word' id='word_1_322' title='bbox 1081 3728 1295 3794; x_wconf 88' lang='lat' dir='ltr'><strong>subincurvis</strong></span> 
     </span>
     <span class='ocr_line' id='line_1_39' title="bbox 29 3816 1294 3901; baseline -0.001 -20"><span class='ocrx_word' id='word_1_323' title='bbox 29 3845 30 3868; x_wconf 71' lang='lat'>1</span> <span class='ocrx_word' id='word_1_324' title='bbox 54 3823 101 3884; x_wconf 89' lang='lat' dir='ltr'><strong>rte</strong></span> <span class='ocrx_word' id='word_1_325' title='bbox 118 3817 273 3884; x_wconf 83' lang='lat' dir='ltr'><strong>inferiori</strong></span> <span class='ocrx_word' id='word_1_326' title='bbox 292 3816 407 3883; x_wconf 91' lang='lat' dir='ltr'><strong>crebre</strong></span> <span class='ocrx_word' id='word_1_327' title='bbox 425 3816 549 3884; x_wconf 82' lang='lat' dir='ltr'><strong>foliosis</strong></span> <span class='ocrx_word' id='word_1_328' title='bbox 568 3835 713 3900; x_wconf 89' lang='lat' dir='ltr'><strong>superne</strong></span> <span class='ocrx_word' id='word_1_329' title='bbox 727 3817 931 3901; x_wconf 88' lang='lat' dir='ltr'><strong>simplicibus</strong></span> <span class='ocrx_word' id='word_1_330' title='bbox 950 3818 980 3882; x_wconf 92' lang='lat' dir='ltr'><strong>in</strong></span> <span class='ocrx_word' id='word_1_331' title='bbox 997 3835 1165 3884; x_wconf 85' lang='lat' dir='ltr'><strong>racemum</strong></span> <span class='ocrx_word' id='word_1_332' title='bbox 1183 3817 1294 3884; x_wconf 82' lang='lat' dir='ltr'><strong>laxum</strong></span> 
     </span>
     <span class='ocr_line' id='line_1_40' title="bbox 15 3904 1294 3988; baseline 0.001 -19"><span class='ocrx_word' id='word_1_333' title='bbox 15 3905 162 3974; x_wconf 79' lang='lat' dir='ltr'><strong>tdissum</strong></span> <span class='ocrx_word' id='word_1_334' title='bbox 193 3907 422 3972; x_wconf 88' lang='lat' dir='ltr'><strong>unilalerelem</strong></span> <span class='ocrx_word' id='word_1_335' title='bbox 455 3905 642 3988; x_wconf 88' lang='lat' dir='ltr'><strong>elongatum</strong></span> <span class='ocrx_word' id='word_1_336' title='bbox 673 3906 871 3974; x_wconf 88' lang='lat' dir='ltr'><strong>abeuntibus</strong></span> <span class='ocrx_word' id='word_1_337' title='bbox 904 3908 955 3972; x_wconf 92' lang='lat' dir='ltr'><strong>vel</strong></span> <span class='ocrx_word' id='word_1_338' title='bbox 990 3907 1090 3972; x_wconf 88' lang='lat' dir='ltr'><strong>ramis</strong></span> <span class='ocrx_word' id='word_1_339' title='bbox 1123 3904 1294 3971; x_wconf 86' lang='lat' dir='ltr'><strong>floralibus</strong></span> 
     </span>
     <span class='ocr_line' id='line_1_41' title="bbox 41 3993 1294 4078; baseline -0.002 -16"><span class='ocrx_word' id='word_1_340' title='bbox 41 3993 131 4062; x_wconf 66' lang='lat' dir='ltr'><strong>¹‘rtis</strong></span> <span class='ocrx_word' id='word_1_341' title='bbox 151 3995 272 4066; x_wconf 81' lang='lat' dir='ltr'><strong>auctis,</strong></span> <span class='ocrx_word' id='word_1_342' title='bbox 289 3994 376 4060; x_wconf 88' lang='lat' dir='ltr'><strong>loliis</strong></span> <span class='ocrx_word' id='word_1_343' title='bbox 395 3994 522 4061; x_wconf 89' lang='lat' dir='ltr'><strong>minute</strong></span> <span class='ocrx_word' id='word_1_344' title='bbox 540 3993 797 4078; x_wconf 75' lang='lat' dir='ltr'><strong>pubescentibus</strong></span> <span class='ocrx_word' id='word_1_345' title='bbox 813 3997 931 4077; x_wconf 91' lang='lat' dir='ltr'><strong>griseis</strong></span> <span class='ocrx_word' id='word_1_346' title='bbox 947 3996 1071 4063; x_wconf 87' lang='lat' dir='ltr'><strong>ambitu</strong></span> <span class='ocrx_word' id='word_1_347' title='bbox 1088 3995 1237 4062; x_wconf 88' lang='lat' dir='ltr'><strong>obovatis</strong></span> <span class='ocrx_word' id='word_1_348' title='bbox 1260 3994 1294 4060; x_wconf 91' lang='lat' dir='ltr'><strong>iu</strong></span> 
     </span>
     <span class='ocr_line' id='line_1_42' title="bbox 60 4083 1295 4165; baseline -0.001 -17"><span class='ocrx_word' id='word_1_349' title='bbox 60 4083 166 4150; x_wconf 88' lang='lat' dir='ltr'><strong>inulas</strong></span> <span class='ocrx_word' id='word_1_350' title='bbox 187 4084 343 4149; x_wconf 87' lang='lat' dir='ltr'><strong>minimas</strong></span> <span class='ocrx_word' id='word_1_351' title='bbox 359 4083 670 4165; x_wconf 89' lang='lat' dir='ltr'><strong>oblongo-cuneatas</strong></span> <span class='ocrx_word' id='word_1_352' title='bbox 688 4085 932 4150; x_wconf 87' lang='lat' dir='ltr'><strong>obtusiusculas</strong></span> <span class='ocrx_word' id='word_1_353' title='bbox 952 4087 1147 4152; x_wconf 87' lang='lat' dir='ltr'><strong>divaricatas</strong></span> <span class='ocrx_word' id='word_1_354' title='bbox 1166 4083 1295 4150; x_wconf 89' lang='lat' dir='ltr'><strong>decom-</strong></span> 
     </span>
     <span class='ocr_line' id='line_1_43' title="bbox 30 4171 1295 4256; baseline -0.003 -16"><span class='ocrx_word' id='word_1_355' title='bbox 30 4173 123 4240; x_wconf 89' lang='lat' dir='ltr'><strong>&#39;tis</strong></span> <span class='ocrx_word' id='word_1_356' title='bbox 144 4173 282 4239; x_wconf 91' lang='lat' dir='ltr'><strong>rachide</strong></span> <span class='ocrx_word' id='word_1_357' title='bbox 300 4171 458 4256; x_wconf 80' lang='lat' dir='ltr'><strong>primarie</strong></span> <span class='ocrx_word' id='word_1_358' title='bbox 474 4179 506 4236; x_wconf 94' lang='lat' dir='ltr'><strong>et</strong></span> <span class='ocrx_word' id='word_1_359' title='bbox 523 4173 729 4240; x_wconf 86' lang='lat' dir='ltr'><strong>secundariis</strong></span> <span class='ocrx_word' id='word_1_360' title='bbox 746 4173 940 4248; x_wconf 82' lang='lat' dir='ltr'><strong>lobulileris,</strong></span> <span class='ocrx_word' id='word_1_361' title='bbox 950 4173 1163 4240; x_wconf 84' lang='lat' dir='ltr'><strong>interioribus</strong></span> <span class='ocrx_word' id='word_1_362' title='bbox 1183 4171 1295 4238; x_wconf 90' lang='lat' dir='ltr'><strong>brevi-</strong></span> 
     </span>
     <span class='ocr_line' id='line_1_44' title="bbox 16 4260 1294 4346; baseline 0 -20"><span class='ocrx_word' id='word_1_363' title='bbox 16 4293 19 4299; x_wconf 92' lang='grc'>-</span> <span class='ocrx_word' id='word_1_364' title='bbox 49 4279 64 4326; x_wconf 92' lang='lat' dir='ltr'><strong>r</strong></span> <span class='ocrx_word' id='word_1_365' title='bbox 81 4261 251 4346; x_wconf 89' lang='lat' dir='ltr'><strong>petiolatis</strong></span> <span class='ocrx_word' id='word_1_366' title='bbox 277 4260 448 4327; x_wconf 88' lang='lat' dir='ltr'><strong>lloralibus</strong></span> <span class='ocrx_word' id='word_1_367' title='bbox 466 4262 602 4326; x_wconf 90' lang='lat' dir='ltr'><strong>minutis</strong></span> <span class='ocrx_word' id='word_1_368' title='bbox 621 4262 748 4328; x_wconf 89' lang='lat' dir='ltr'><strong>laciniis</strong></span> <span class='ocrx_word' id='word_1_369' title='bbox 771 4263 894 4346; x_wconf 83' lang='lat' dir='ltr'><strong>paucis,</strong></span> <span class='ocrx_word' id='word_1_370' title='bbox 914 4263 1064 4345; x_wconf 87' lang='lat' dir='ltr'><strong>capitulis</strong></span> <span class='ocrx_word' id='word_1_371' title='bbox 1088 4279 1184 4329; x_wconf 88' lang='lat' dir='ltr'><strong>secus</strong></span> <span class='ocrx_word' id='word_1_372' title='bbox 1204 4277 1294 4326; x_wconf 87' lang='lat' dir='ltr'><strong>race-</strong></span> 
     </span>
     <span class='ocr_line' id='line_1_45' title="bbox 22 4348 1294 4433; baseline -0.001 -19"><span class='ocrx_word' id='word_1_373' title='bbox 22 4381 40 4432; x_wconf 75' lang='lat'><strong><em>5</em></strong></span> <span class='ocrx_word' id='word_1_374' title='bbox 55 4369 96 4414; x_wconf 76' lang='lat' dir='ltr'><strong>vm</strong></span> <span class='ocrx_word' id='word_1_375' title='bbox 109 4350 323 4418; x_wconf 86' lang='lat' dir='ltr'><strong>terminalem</strong></span> <span class='ocrx_word' id='word_1_376' title='bbox 338 4350 388 4414; x_wconf 87' lang='lat' dir='ltr'><strong>vel</strong></span> <span class='ocrx_word' id='word_1_377' title='bbox 402 4350 559 4432; x_wconf 75' lang='lat' dir='ltr'><strong>paniculae</strong></span> <span class='ocrx_word' id='word_1_378' title='bbox 573 4349 718 4418; x_wconf 88' lang='lat' dir='ltr'><strong>ramulos</strong></span> <span class='ocrx_word' id='word_1_379' title='bbox 732 4351 866 4418; x_wconf 91' lang='lat' dir='ltr'><strong>remotis</strong></span> <span class='ocrx_word' id='word_1_380' title='bbox 879 4351 1090 4419; x_wconf 85' lang='lat' dir='ltr'><strong>inferioribus</strong></span> <span class='ocrx_word' id='word_1_381' title='bbox 1100 4348 1294 4433; x_wconf 87' lang='lat' dir='ltr'><strong>pedunculis</strong></span> 
     </span>
     <span class='ocr_line' id='line_1_46' title="bbox 33 4437 1294 4524; baseline -0.001 -20"><span class='ocrx_word' id='word_1_382' title='bbox 33 4437 61 4504; x_wconf 90' lang='lat' dir='ltr'><strong>&#39;s</strong></span> <span class='ocrx_word' id='word_1_383' title='bbox 71 4439 285 4508; x_wconf 91' lang='lat' dir='ltr'><strong>brevioribus</strong></span> <span class='ocrx_word' id='word_1_384' title='bbox 303 4439 449 4504; x_wconf 80' lang='lat' dir='ltr'><strong>suffultis</strong></span> <span class='ocrx_word' id='word_1_385' title='bbox 462 4441 590 4504; x_wconf 80' lang='lat' dir='ltr'><strong>caeteris</strong></span> <span class='ocrx_word' id='word_1_386' title='bbox 607 4439 781 4505; x_wconf 90' lang='lat' dir='ltr'><strong>sessilibus</strong></span> <span class='ocrx_word' id='word_1_387' title='bbox 792 4440 1012 4507; x_wconf 88' lang='lat' dir='ltr'><strong>mediocribus</strong></span> <span class='ocrx_word' id='word_1_388' title='bbox 1024 4437 1294 4524; x_wconf 82' lang='lat' dir='ltr'><strong>hemisphaericis,</strong></span> 
     </span>
     <span class='ocr_line' id='line_1_47' title="bbox 31 4526 1294 4612; baseline 0.002 -24"><span class='ocrx_word' id='word_1_389' title='bbox 31 4529 174 4596; x_wconf 76' lang='lat' dir='ltr'><strong>lrolucri</strong></span> <span class='ocrx_word' id='word_1_390' title='bbox 193 4527 412 4611; x_wconf 88' lang='lat' dir='ltr'><strong>glabriusculi</strong></span> <span class='ocrx_word' id='word_1_391' title='bbox 431 4527 551 4612; x_wconf 85' lang='lat' dir='ltr'><strong>phyllis</strong></span> <span class='ocrx_word' id='word_1_392' title='bbox 572 4528 714 4594; x_wconf 90' lang='lat' dir='ltr'><strong>internis</strong></span> <span class='ocrx_word' id='word_1_393' title='bbox 730 4527 879 4610; x_wconf 83' lang='lat' dir='ltr'><strong>oblongis</strong></span> <span class='ocrx_word' id='word_1_394' title='bbox 902 4529 1122 4596; x_wconf 89' lang='lat' dir='ltr'><strong>obtusissimis</strong></span> <span class='ocrx_word' id='word_1_395' title='bbox 1148 4526 1294 4610; x_wconf 88' lang='lat' dir='ltr'><strong>margine</strong></span> 
     </span>
    </p>
   </div>
   <div class='ocr_carea' id='block_1_12' title="bbox 0 3590 4 4541">
    <p class='ocr_par' dir='ltr' id='par_1_15' title="bbox 0 3590 4 4541">
     <span class='ocr_line' id='line_1_48' title="bbox 0 3590 4 4541; baseline 0 0"><span class='ocrx_word' id='word_1_396' title='bbox 0 3590 4 4541; x_wconf 95' lang='lat' dir='ltr'><strong> </strong></span> 
     </span>
    </p>
   </div>
   <div class='ocr_carea' id='block_1_13' title="bbox 0 0 1522 5170">
    <p class='ocr_par' dir='ltr' id='par_1_16' title="bbox 0 0 1522 5170">
     <span class='ocr_line' id='line_1_49' title="bbox 0 0 1522 5170; baseline 0 3"><span class='ocrx_word' id='word_1_397' title='bbox 0 0 1522 5170; x_wconf 95' lang='lat' dir='ltr'><strong> </strong></span> 
     </span>
    </p>
   </div>
  </div>
 </body>
</html>
