3048 5168
100 564 124 576 ''
191 575 198 586 “
264 569 341 624 Hab.
364 572 396 640 ty

227 449 282 504 246
775 468 960 510 courosrrm.
1387 453 1494 527 Fatopo.

243 638 268 694 B
399 586 437 697 ἕο
464 576 495 624 ut
518 571 636 626 videtur
661 552 824 656 vulgatior,
848 573 1018 658 Zacynthus
1039 573 1179 657 (Margi),
1205 573 1318 657 Pontus
1346 573 1493 680 maritimus

229 642 1070 786 tactatur{attatllltitrlllalt13}“lm
1088 660 1169 718 ‘⁰⁸¹⁰
1183 644 1284 701 Μ
1305 643 1371 712 (a.
1395 643 1493 727 Μ·

264 806 336 863 Haec
347 808 446 863 forma
459 810 643 866 intermediis
658 798 696 868 ad
708 815 814 883 typum
826 812 950 867 omuino
963 812 1090 867 transire
1104 812 1229 868 videtur.

264 906 312 960 Ar.
334 906 435 976 deopr.
457 905 578 978 Europa
590 908 688 963 omnis
701 908 740 962 ab
754 907 864 979 Anglii
875 912 903 965 al
914 908 1075 964 Germania
1087 908 1125 964 ad
1137 908 1276 966 Rosciam
1289 907 1422 976 mediam,
1431 906 1490 962 Sibi·

229 979 282 1047 ria,
297 976 405 1032 insula,
420 977 624 1034 Cauarienses.

275 1151 304 1213 i.
331 1149 373 1215 P.
403 1150 667 1234 spathulata
692 1152 802 1235 (Presl
822 1152 892 1218 Del.
907 1153 1001 1236 Prag.
1020 1174 1051 1238 p.
1072 1153 1131 1237 93)
1150 1152 1309 1236 adpresse
1327 1168 1493 1235 canescens,vr

229 1238 360 1304 caulea
389 1239 457 1306 basi
485 1241 537 1304 vel
558 1262 576 1305 a
601 1240 706 1306 medio
727 1240 931 1308 divaricatim
959 1259 1088 1309 ramoso
1117 1241 1218 1306 ramis
1243 1257 1331 1321 sape
1357 1238 1493 1321 elongati<

231 1320 398 1411 flexuosis,
426 1329 512 1395 loliis
531 1329 883 1413 oblongo-spathulatis
903 1330 1029 1399 obtusis
1051 1331 1152 1396 etiam
1180 1329 1320 1395 caulinis
1340 1328 1410 1394 basi
1430 1333 1494 1394 atte-

231 1416 352 1496 unalis,
387 1419 578 1500 glomcrulis
611 1419 870 1500 hemisphericis
904 1421 1056 1504 capitulis
1094 1421 1191 1485 lara
1220 1417 1494 1484 constantibusir

231 1505 437 1572 dichotomiis
464 1507 639 1575 sessilibns
657 1509 956 1592 terminalibusuue
984 1508 1056 1576 basi
1082 1508 1169 1574 loliis
1197 1506 1370 1573 floralibus
1396 1505 1495 1590 patu'

231 1594 280 1658 eis
299 1594 503 1676 longioribus
519 1597 675 1678 suffultis,
692 1596 854 1664 involucri
875 1599 945 1664 basi
962 1599 1012 1664 vei
1036 1600 1122 1664 ultra
1140 1596 1286 1662 medium
1305 1595 1403 1660 lanati
1424 1595 1494 1659 ovoi

231 1681 284 1746 dei
300 1683 503 1751 acutiuscula
517 1686 693 1769 pentagoni
709 1687 976 1770 qoinquasulcati
995 1688 1115 1770 phyllis
1130 1686 1301 1769 adpressis
1317 1684 1457 1766 oblongis
1469 1701 1495 1745 u

230 1772 399 1854 cuspidem
436 1773 621 1841 subulatam
659 1773 862 1842 exteriorum
898 1776 1108 1861 subpatulam
1143 1775 1321 1842 attenuatis
1362 1771 1489 1840 carina‘

231 1859 522 1943 qrriaquescriatiS,
550 1864 675 1929 intimis
704 1863 899 1932 submuticis
922 1872 970 1942 Θ.
1002 1867 1044 1933 Ic.
1070 1865 1161 1932 Jord.
1182 1865 1241 1930 loc.
1262 1864 1315 1930 cit.
1335 1863 1401 1929 tab.
1419 1863 1446 1925 i.
1490 1930 1491 1933 ,

231 1945 420 2102 gip-scial
446 1950 536 2017 Coss.
568 1959 600 2019 et
629 1952 738 2018 Germ.
772 1990 812 2003 —
847 1953 882 2018 F.
908 1952 1106 2020 Germanico
1131 1972 1202 2019 oar.
1231 1951 1426 2034 sportulam
1450 1972 1492 2016 ιι.

259 2040 563 2123 ωιῊμΜἏ

267 2135 343 2192 Hal).
363 2140 393 2194 iu
415 2140 502 2196 cultis
516 2141 713 2214 Peloponnesi
734 2142 875 2214 (Heldrl),
894 2142 1029 2199 Thraciae
1049 2142 1170 2212 (Frivl),
1194 2141 1287 2212 Syriae
1308 2141 1462 2197 maritima
1484 2174 1486 2182 ‚

32 2233 39 2258 ·.
125 2188 133 2205 '
234 2206 342 2265 Libani
354 2210 438 2282 (ΒΗ),
457 2213 563 2269 Persiae
577 2212 717 2268 australis
731 2212 826 2285 (Kyl).

277 2308 301 2390 β
339 2315 519 2390 prostrato.
538 2350 579 2359 —
600 2312 768 2378 Prostrala
786 2315 1020 2385 ramosissima,
1040 2313 1213 2396 glonreruli
1235 2312 1408 2378 numerosi
1431 2296 1495 2375 sar*

232 2399 387 2480 contigui,
403 2401 516 2483 phylla
532 2406 654 2484 praeter
673 2402 844 2484 cuspidem
862 2403 1060 2469 tomentella.
1078 2438 1121 2451 -
1142 2400 1178 2467 F.
1201 2405 1376 2483 prostrato
1396 2398 1480 2465 Parla

232 2486 278 2568 pl.
298 2486 380 2551 Nov.
400 2509 433 2572 p.
454 2492 506 2555 ll.
730 2576 736 2587 .
1489 2499 1493 2588 s

268 2598 345 2654 Hab.
358 2601 389 2655 in
403 2602 535 2657 arenosis
559 2604 715 2659 maritimis
740 2609 770 2660 et
790 2604 974 2660 desertorum
997 2607 1085 2676 atqua
1104 2604 1136 2659 in
1154 2603 1239 2658 siccis
1256 2603 1348 2658 etiam
1369 2604 1492 2656 monta

234 2670 329 2725 forma
341 2672 440 2754 typica
451 2673 572 2728 elatiore
585 2674 744 2745 vulgatior,
758 2675 828 2732 Pelo
851 2692 981 2731 onnesus
994 2675 1115 2743 (Heldrl
1134 2673 1252 2743 Orchi),
1271 2673 1360 2727 Creta
1377 2667 1491 2741 (Haldr

233 2739 413 2808 Byzantium
437 2745 662 2810 (NotitCilicia
687 2747 791 2817 (Ball),
844 2750 954 2819 gyptus
979 2746 1016 2802 ad
1043 2745 1257 2801 Alexandriam
1279 2749 1309 2799 et
1336 2744 1369 2798 in
1394 2742 1483 2796 desert

234 2813 246 2874 i
248 2813 366 2868 Samari
380 2814 495 2884 Gauri),
509 2816 618 2871 Arabia
632 2821 730 2889 petrea
743 2817 877 2888 (Belesi),
890 2819 975 2888 Syria
992 2817 1130 2873 littoralis
1143 2820 1173 2873 at
1186 2815 1305 2872 deserta
1317 2814 1441 2886 Syriaca
1454 2815 1495 2880 til

234 2882 316 2938 Gaill
326 2888 355 2953 l),
368 2885 470 2940 Persia
481 2886 542 2942 bor.
557 2888 632 2958 (lige
641 2891 661 2958 l)
675 2893 703 2944 et
716 2890 857 2946 australis
869 2889 934 2960 lliy.
949 2890 1038 2959 1211).

270 2978 388 3050 Species
403 2980 436 3035 F.
451 2979 644 3040 Germaniam
657 2985 792 3058 proxime
813 2986 910 3041 affinis
928 2988 957 3040 et
972 2983 1042 3039 huic
1059 2989 1092 3038 ut
1104 2983 1231 3037 varietas
1245 2998 1263 3036 a
1275 2981 1416 3054 pluribus
1428 2978 1494 3032 adn

236 3055 359 3116 morata,
374 3056 471 3107 tamen
484 3053 623 3109 foliorum
639 3061 668 3110 et
680 3056 827 3111 involucri
840 3055 1058 3111 characteribus
1072 3053 1211 3109 distincta
1223 3053 1348 3108 videtur.
1364 3051 1489 3106 Variola

236 3118 255 3191 β
269 3122 431 3192 specimina
449 3123 558 3196 pusilla
575 3141 653 3181 nana
672 3126 897 3197 Evaer'eoeiouoe
914 3127 1005 3181 Guss.
1020 3125 1177 3181 simillima
1191 3128 1261 3180 sunt
1274 3129 1304 3179 ct
1316 3123 1357 3179 ab
1371 3128 1407 3178 ea
1422 3136 1487 3193 pap

235 3192 425 3248 tlosculorum
439 3195 612 3251 interiorum
627 3200 741 3254 tantum
755 3197 974 3268 distinguenda.
1491 3201 1492 3205 ’

270 3290 319 3345 br.
336 3291 428 3360 decor
455 3293 564 3359 Gallia,
579 3294 732 3367 Hispania,
742 3294 951 3362 ltaliainsulae
964 3295 1170 3362 Canariensas,
1178 3292 1276 3347 Africa
1289 3256 1491 3359 borealislu

235 3358 559 3420 boreali-occidentalis.
630 3388 635 3395 ·

281 3556 373 3629 sacr.
398 3560 438 3626 ΙΙ.
462 3560 646 3628 Graculum
664 3560 755 3629 Coss.
774 3568 807 3628 et
821 3563 908 3628 Kral.
930 3562 1015 3629 Sert.
1036 3562 1154 3626 Tunct.
1173 3577 1203 3641 p.
1224 3561 1276 3623 aa.
1302 3593 1347 3605 -
1373 3555 1465 3638 Capit
1494 3571 1495 3575 ’

459 3651 668 3718 subsolitaria
685 3653 718 3716 in
744 3652 949 3719 diclrotomiis
965 3656 998 3717 et
1017 3669 1114 3718 secus
1132 3667 1242 3714 ramos
1261 3647 1405 3713 sessilia.
1429 3644 1493 3709 Ιιιι

459 3741 541 3806 lucri
568 3740 677 3823 pbylla
703 3740 982 3823 ouinoueserialia
1010 3736 1234 3822 subopposita.
1264 3733 1462 3817 Receptacul

460 3829 622 3895 filiiorme.
639 3828 780 3896 Flosculi
795 3830 928 3895 feminei
942 3828 1179 3911 pluriseriales.
1195 3862 1236 3873 -
1256 3825 1363 3892 Sectio
1378 3845 1397 3888 a
1411 3819 1481 3899 Gifr

460 3919 706 3985 inlloresccutit
723 3924 849 3986 tantiam
864 3919 1024 3985 distincta.

284 4113 313 4176 8.
339 4111 380 4176 F.
404 4110 647 4178 Mareotica
668 4110 755 4194 (Del.
766 4111 823 4192 Eg.
839 4108 887 4174 lli.
902 4110 977 4189 iil,
990 4108 1053 4173 tab.
1071 4105 1130 4190 tl)
1147 4104 1305 4189 adpresse
1318 4103 1490 4168 cano-lan

236 4200 347 4267 abasi
371 4201 535 4266 i-d-tomc
565 4201 789 4266 ramosissima
817 4208 850 4262 et
877 4196 1070 4280 corymbosa
1099 4194 1201 4260 ramis
1228 4191 1408 4270 induratis,
1441 4191 1493 4256 iol

239 4287 398 4356 brevibus
415 4289 534 4355 crectis
550 4288 842 4370 lineari-oblongis,
862 4285 1031 4352 floralibus
1047 4283 1217 4350 subternis
1233 4281 1378 4366 capitula
1398 4281 1475 4346 invo

237 4380 407 4444 crantibus
439 4384 473 4443 et
504 4377 724 4459 aquantibus,
755 4376 905 4460 capitulis
936 4373 1040 4441 ovatis
1074 4371 1231 4438 solitariis
1264 4371 1315 4436 vel
1349 4369 1492 4451 gentica

238 4467 523 4533 dicbotomialibus
552 4473 585 4532 ct
610 4468 644 4532 in
673 4484 819 4533 racemos
848 4463 1071 4544 scorpioidaos
1102 4460 1314 4528 collaterales
1343 4457 1495 4540 disposi

241 4556 403 4622 involucri
430 4557 606 4623 tomentosi
632 4553 870 4638 subpenlagoni
896 4552 1017 4636 plryllis
1047 4549 1202 4618 scariosis
1228 4552 1316 4613 arcte
1343 4547 1495 4610 imbrice

239 4646 357 4712 crectis
388 4645 669 4732 quinqueseriatis
696 4644 847 4710 concavis
876 4637 1218 4724 oblongo-lanceolatis
1247 4634 1467 4702 acutiusculis
1500 4679 1504 4683 -
