3108 5168
223 396 260 454 62
778 413 948 456 nuaucaa.
1364 398 1516 457 Gatricm.

257 523 334 580 Hab.
349 524 381 581 in
393 523 517 580 Graeciae
530 526 630 580 monte
642 521 761 580 Malevo
773 521 910 596 (Orphi),
929 525 1068 582 Anatolia
1085 526 1116 582 iu
1137 523 1244 582 Tmolo
1263 524 1370 598 (Bali),
1389 525 1520 582 Cadmo

222 593 363 667 (Boisst),
386 595 498 652 Pisidia
518 593 653 666 ffieldrt)
689 594 781 666 Lycia
801 597 840 652 ad
863 595 983 652 Elmalu
1004 596 1131 725 (Bouffi.¹
1152 596 1520 739 ῗζθξὶ)ἐ1ξῧιῗτέξὲξεὲἱὲἓ

221 666 290 740 (ny.
305 667 370 724 assi
384 665 479 736 sarr),
497 666 613 724 ursano
630 637 668 723 al
687 666 799 724 caros
813 670 845 723 et
860 667 934 724 usu
951 667 1066 738 (sessi

222 738 294 810 cry.
309 739 374 795 1511
389 737 508 807 casiri),
521 738 797 800 amensamens
808 739 855 808 (c.
868 738 988 808 aaut).

267 879 290 918 ε.
315 847 608 932 aspcrcptsotimn.
635 886 679 899 -
704 847 794 918 Folia
826 851 1087 918 lineari-setaces
1124 851 1412 920 brevissimam
1450 852 1518 918 lin.

221 939 327 1022 longa.
349 976 390 986 -
411 938 447 1004 G.
464 937 747 1020 mpureprfotium
762 941 868 1008 Boias.
883 939 999 1022 Diagn.
1021 939 1091 1007 Ser.
1110 941 1152 1024 ΙΙ,
1171 943 1204 1025 6,
1223 961 1254 1026 p.
1275 943 1328 1008 sl.

258 1049 333 1104 Hah.
352 1049 383 1104 in
400 1049 517 1104 saxosis
535 1048 677 1105 Parnassi
698 1064 789 1122 prope
804 1049 948 1107 Rachova
964 1053 994 1106 et
1010 1050 1133 1107 Gourna
1148 1051 1322 1109 2000’ffl00'
1334 1053 1473 1124 (Samen
1485 1053 1519 1126 l),

220 1120 251 1175 iu
266 1119 378 1175 Cadmo
392 1135 483 1192 supra
495 1119 639 1176 Denisleh
653 1120 748 1176 Caria
761 1119 894 1191 (Boissi).

256 1216 373 1289 Species
384 1215 586 1344 polymorpha
604 1215 657 1272 sed
672 1215 757 1288 cuius
775 1217 931 1274 varietates
948 1217 1076 1274 transitu
1096 1217 1254 1276 manifesto
1271 1219 1517 1292 conjungrmtur.

222 1287 259 1346 G.
270 1301 398 1344 acreum
411 1305 427 1343 a
440 1285 474 1345 G.
485 1304 519 1344 oc
539 1287 656 1346 rosaceo
667 1287 712 1342 W.
722 1287 757 1344 K.
769 1287 870 1344 forsan
881 1293 928 1345 sat
937 1304 998 1344 non
1007 1289 1120 1361 differt3
1134 1289 1189 1347 hoc
1199 1293 1300 1346 tamen
1309 1291 1519 1362 distinguitur

89 1414 94 1426 ,
219 1359 360 1428 laevitate,
370 1359 450 1414 foliis
462 1359 658 1431 longissimis,
667 1358 799 1416 sotheris
810 1359 940 1431 pallidis,
952 1361 1050 1417 fructu
1063 1361 1180 1418 minore
1194 1363 1288 1433 nigro.
1303 1361 1338 1420 θ.
1348 1359 1513 1419 ocloulerc·

220 1446 289 1486 cum
301 1430 392 1486 Wulf.
407 1433 452 1486 est
464 1431 561 1486 forma
573 1427 610 1488 θ.
624 1429 694 1487 veri.

255 1527 303 1582 Ar.
318 1525 418 1597 (iacgr.
439 1525 598 1582 Dalmatia

266 1702 317 1769 39.
343 1701 391 1769 G.
413 1717 574 1770 verum
593 1701 643 1786 (L.
666 1699 722 1786 Sp.
751 1700 829 1786 155)
851 1701 1000 1768 caulibus
1020 1700 1276 1768 ascendentibus
1302 1702 1355 1767 vel
1382 1707 1515 1774 erectis

220 1792 380 1874 elongatis
409 1791 679 1876 subsimpiicibus
708 1789 1074 1876 tereti-quadricostaiis
1099 1790 1283 1872 puberulis,
1312 1791 1397 1858 foliis
1426 1795 1516 1878 rigi-

221 1883 308 1951 dulis
327 1880 407 1945 s-ti
423 1884 562 1962 anguste
579 1880 760 1947 linearibus
780 1879 885 1946 acutis
902 1879 1106 1945 mucronatis
1124 1878 1272 1959 margine
1293 1879 1386 1946 valde
1403 1900 1513 1951 revo-

219 1972 298 2040 lutis
329 1987 474 2054 superne
501 1968 638 2035 taribus
666 1970 720 2034 rel
749 1969 875 2034 scabris
904 1969 1023 2034 subtus
1054 1967 1201 2034 breviter
1232 1969 1512 2056 pubescentibus,

216 2060 322 2146 'cymis
341 2059 514 2125 confertim
531 2057 722 2125 multifloris
742 2057 891 2124 breviter
912 2055 1143 2140 pedunculatis
1159 2061 1192 2120 et
1215 2057 1389 2123 sessilibus
1409 2063 1514 2144 puni-

219 2151 327 2219 cutam
346 2153 519 2228 angustam
542 2147 727 2227 elongatam
752 2147 974 2227 interruptam
996 2146 1133 2212 densam
1156 2145 1385 2226 formantibus,
1410 2149 1515 2230 pedi·

218 2239 310 2308 cellis
335 2236 495 2302 brevibus
526 2236 705 2302 fructiferis
732 2233 979 2301 horizontaliter
1007 2233 1214 2318 patentibus,
1234 2235 1366 2300 corolla
1384 2238 1511 2304 ochro·

219 2331 321 2396 leucae
344 2326 398 2391 rel
422 2324 519 2392 luteae
543 2323 628 2391 labis
655 2325 783 2392 obtusis
805 2323 954 2389 breviter
975 2342 994 2388 a
1017 2321 1165 2402 iculatis,
1190 2322 1339 2389 antheras
1358 2324 1511 2412 desidia,

217 2419 328 2484 fructu
362 2413 434 2480 taevi
465 2413 579 2496 glabro
606 2415 661 2480 vel
694 2411 889 2498 pubescenti
912 2419 958 2485 if.
990 2343 1027 2476 (Hs.
1058 2408 1281 2476 Ruthesicum
1306 2411 1358 2478 W.
1388 2413 1444 2500 Sp.
1479 2417 1510 2496 I,

217 2526 249 2590 p.
268 2507 342 2570 597.
364 2539 404 2551 -
424 2501 461 2567 (l.
481 2500 665 2568 verosimile
684 2503 723 2568 R.
749 2505 782 2569 et
806 2500 879 2568 Sch.
904 2499 990 2584 Syst.
1011 2499 1068 2573 ΙΙΙ,
1083 2521 1115 2585 p.
1135 2499 1200 2564 ast
1222 2505 1255 2566 et
1272 2497 1310 2566 G.
1323 2501 1509 2585 Kataiaae'i

217 2594 323 2661 Boiss.
344 2597 376 2660 et
393 2593 506 2659 Ruhse
525 2591 620 2658 Aufr.
643 2609 674 2674 p.
698 2592 760 2656 109
780 2590 909 2675 (forma
925 2587 1139 2674 lasiocarpae).

253 2703 330 2759 Hab.
343 2705 373 2758 in
389 2705 450 2758 tota
461 2701 572 2758 ditione
586 2701 729 2758 aGraecie
741 2705 770 2757 et
782 2699 955 2757 Macedonia
963 2698 1002 2754 ad
1012 2697 1161 2755 Libanum
1174 2702 1204 2754 et
1213 2697 1395 2756 Hermonem
1404 2699 1510 2772 Syria

217 2774 265 2845 (Bi
277 2779 283 2829 t
294 2773 410 2844 Gaillt).
422 2774 552 2829 Persium
565 2771 717 2828 borealem
726 2771 836 2842 (Auchi
847 2769 943 2854 Eget),
956 2785 979 2854 a.
987 2770 1109 2840 regione
1120 2769 1252 2826 inferiori
1263 2771 1315 2826 ubi
1327 2772 1357 2826 in
1367 2771 1508 2831 humidis

215 2845 383 2920 prasertim
397 2845 499 2900 crescit
512 2859 607 2915 usque
625 2843 665 2899 ad
676 2847 762 2915 prata
774 2841 905 2912 regionis
920 2841 1040 2912 alpinas.
1062 2840 1106 2896 Fl.
1121 2841 1196 2897 AEst.

260 2958 293 3040 β.
314 2955 606 3038 consanguineum.
626 2991 668 3002 -
685 2951 945 3035 Glaberrimum,
972 2951 1050 3019 folia
1073 2950 1247 3020 iatiuscula
1269 2969 1356 3040 sape
1370 2956 1510 3039 sesqui-

216 3048 338 3113 iineem
355 3047 419 3113 lata
435 3045 584 3128 margine
605 3044 718 3110 minus
736 3041 886 3110 revolute
903 3047 936 3110 et
955 3041 1076 3108 subtus
1095 3041 1218 3124 glabra.
1238 3075 1282 3092 -
1298 3041 1334 3109 G.
1357 3059 1508 3109 comca-

213 3136 375 3218 pm'ueum
391 3134 498 3202 Boiss.
522 3133 637 3214 Diagu.
659 3132 729 3200 Ser.
749 3131 777 3212 1,
792 3133 824 3213 6,
842 3149 873 3214 p.
890 3132 943 3200 69.

250 3244 330 3300 Hsb.
350 3246 383 3300 in
405 3243 538 3328 herbidis
562 3242 695 3298 humidis
717 3241 826 3326 alpinis
853 3241 1002 3326 Armenia
1022 3239 1154 3323 Turcicae
1176 3239 1216 3296 ad
1243 3239 1447 3324 Palanteulren
1473 3247 1507 3301 et

214 3319 375 3456 ὶῗωῐῖὲὲἓῑὸ
391 3313 513 3386 Brngbll
536 3314 604 3383 (Ky.
628 3313 721 3384 5061),
748 3329 779 3369 ru
801 3311 955 3368 montibus
977 3311 1086 3367 Persi-e
1106 3311 1313 3367 austro-occid.
1340 3311 1409 3383 (Ky.
1432 3313 1504 3372 5711

250 3477 343 3538 Valde
358 3482 456 3536 variat
467 3481 546 3538 foliis
560 3481 630 3554 plus
642 3481 743 3537 minus
756 3479 892 3564 angustis
907 3475 1090 3533 laeviusculis
1104 3476 1153 3562 vel
1168 3475 1363 3548 scaberrimis,
1374 3477 1505 3537 floribus

214 3553 398 3681 ffireolteericlcgs
415 3553 463 3608 vel
483 3554 598 3610 intense
620 3552 723 3620 latete,
743 3549 883 3624 panicula
900 3549 1005 3621 glabra
1024 3547 1073 3604 vel
1096 3547 1187 3618 hate,
1207 3549 1303 3604 fructu
1325 3549 1430 3621 giabm
1450 3552 1505 3608 vel

248 3723 297 3777 Ar.
312 3721 412 3791 (iacgr.
432 3719 552 3791 Europa
572 3717 670 3774 omnis
689 3733 707 3774 a
730 3715 930 3774 Scandinavia
951 3721 980 3772 et
1000 3713 1105 3774 sessis
1124 3714 1237 3786 medie,
1262 3714 1371 3772 Sibiria
1389 3717 1504 3791 omnis,

212 3791 297 3849 India
310 3791 373 3846 bor.
389 3790 589 3859 occidentalis,
600 3789 700 3845 Africa
712 3787 851 3844 borealis.

259 3967 311 4030 tu.
337 3961 383 4030 G.
401 3961 640 4048 Casplcum
667 3959 772 4045 (Stes.
798 3959 875 4027 Obs.
904 3959 947 4044 pl.
971 3959 1081 4043 Rosa,
1099 3980 1131 4044 p.
1152 3958 1209 4044 70)
1232 3959 1345 4042 patule
1369 3965 1504 4030 tomen·

211 4055 338 4135 tellum,
351 4051 501 4118 caulibus
514 4049 746 4116 crassiusculis
758 4051 878 4116 erectis
895 4049 989 4116 elatis
1002 4049 1161 4116 flexuosis
1174 4066 1320 4132 superne
1333 4049 1505 4118 strictius·

211 4145 284 4210 cule
308 4147 341 4209 et
370 4143 466 4222 longe
490 4138 642 4220 ramosis,
668 4139 755 4204 foliis
774 4139 864 4204 senis
884 4137 1197 4221 cllipticoobicngis
1224 4135 1294 4204 basi
1318 4141 1503 4208 attenuatis

211 4231 338 4299 obtusis
369 4227 608 4296 mucronulatis
641 4246 743 4310 supra
768 4227 891 4311 glabris
920 4227 1041 4294 subtus
1067 4227 1269 4292 tomentellis
1296 4231 1436 4310 anguste
1465 4233 1505 4298 et

212 4319 366 4388 elevatim
395 4317 566 4399 nervosis,
596 4315 766 4384 floralibus
796 4315 945 4397 oblongis
974 4315 1112 4380 minutis
1144 4315 1358 4396 acuminatis,
1391 4317 1503 4399 cymis

212 4408 405 4477 militaribus
432 4407 604 4472 confertim
627 4405 817 4472 multifloris
843 4405 919 4470 folia
940 4403 1088 4470 axillaria
1116 4421 1237 4486 parum
1259 4405 1505 4488 superantibus

211 4514 360 4564 racemos
379 4495 584 4578 interruptos
603 4495 806 4577 panieuietos
826 4493 1044 4560 formantibus
1064 4493 1294 4575 superioribus
1315 4511 1402 4578 saepe
1419 4513 1506 4561 con·

212 4587 405 4668 fluentibus,
422 4584 591 4670 pedicellis
606 4583 746 4666 hispidis
760 4582 844 4650 flore
860 4581 1128 4664 sublongioribus
1146 4582 1357 4665 capillaribus
1373 4583 1506 4649 divari-
