3078 5168
49 413 129 480 Arar.
578 437 763 480 courosrrs.
1262 402 1316 488 159Ι

50 549 123 632 apice
141 548 245 624 nudis,
273 547 438 616 involucri
466 547 650 630 glandulosi
675 549 728 614 vel
754 547 832 615 hirti
850 547 971 632 phyllis
996 552 1224 621 subbiseriatis
1244 557 1314 622 lan-

50 638 161 703 ceolatis
180 637 287 704 acutis
305 639 455 722 margine
480 637 751 711 membranaceis,
779 637 890 727 ligulis
918 642 1069 708 caeruleis
1097 643 1186 710 disco
1212 643 1312 729 duplo

49 726 243 809 longionhuS,
263 727 411 793 acheniis
435 727 583 794 ohovatis
609 726 716 804 hirtis,
744 746 851 812 pappo
870 726 963 794 brevi
991 739 1035 805 tc.
1065 765 1110 780 -
1139 732 1312 798 Colimeris

51 815 158 881 llioico
172 835 234 882 nc.
256 815 376 882 Pmdr.
398 814 437 900 V,
455 836 486 899 p.
505 817 579 882 aba.
598 851 639 861 —
656 815 686 882 C.
701 833 875 882 canescens
894 817 981 884 Nees
998 819 1069 885 Ast.
1086 841 1118 906 p.
1138 823 1212 887 aaa.
1263 849 1265 852 ·

76 927 139 984 llab.
151 929 181 984 in
193 927 325 984 collibus
340 927 427 984 siccis
445 927 553 982 Persice
570 927 698 982 borealis
718 927 897 1000 frequenter,
917 929 1007 984 vallis
1026 929 1142 986 Sefirud
1164 931 1332 1002 (Buhsallff

48 1015 114 1128 flor.
130 999 302 1084 llborassan
324 997 433 1082 (Bgel),
452 1014 543 1082 prope
558 997 674 1056 Kashin
693 998 865 1082 (liausskl),
880 1000 911 1056 in
929 999 1021 1084 hortis
1037 1001 1076 1056 ad
1091 1002 1227 1059 Teheran
1239 1002 1313 1130 gKy.

74 1073 119 1140 71),
130 1085 159 1126 tn
170 1071 328 1127 montibus
343 1071 467 1126 Ghrlam
480 1069 584 1140 (Anah.
599 1070 706 1138 47481),
718 1086 750 1125 1n
763 1071 963 1127 Turlrestame
984 1087 1059 1128 orrea
1072 1071 1237 1132 Samarhan
1272 1075 1311 1131 ad

49 1143 121 1198 eolles
134 1149 162 1198 et
171 1142 272 1198 fossas
285 1145 314 1198 el
325 1141 357 1197 in
371 1142 523 1197 montibus
536 1140 670 1196 walen
685 1141 828 1213 (Lehml),
843 1142 874 1197 in
884 1143 1043 1214 Alighania
1055 1145 1171 1214 (Gaul).

75 1237 162 1294 Nullis
174 1238 256 1294 noim
273 1243 321 1294 sat
343 1237 485 1309 gravibus
500 1251 596 1307 genus
623 1234 779 1292 Colimenssr
793 1236 832 1292 ab
852 1237 959 1294 Astera
971 1237 1089 1294 differre
1102 1239 1221 1295 videtur
1241 1255 1310 1295 nam

20 1395 21 1404 ἒ
49 1310 206 1436 {emasrpvissppi
219 1307 456 1365 subuniseriales
469 1323 521 1364 nec
533 1307 628 1378 magis
642 1323 816 1363 numerosas
829 1307 859 1363 in
869 1309 1022 1366 nonnullis
1033 1309 1149 1368 Asteris
1157 1310 1312 1384 speciebus

74 1465 113 1519 lr.
125 1463 224 1532 &egr
244 1463 399 1534 Sangaria,
414 1462 520 1518 Sihiria
534 1462 642 1532 omnis,
654 1460 772 1517 Tibetia
790 1461 990 1519 occidentalis,

83 1638 106 1702 l.
128 1637 173 1702 A.
200 1654 365 1704 roseus
389 1636 494 1720 (Stev.
513 1637 606 1703 llem.
624 1635 695 1703 Soc.
710 1635 784 1702 Nat.
806 1635 908 1720 llosq.
928 1637 985 1718 lll,
1002 1658 1032 1722 p.
1054 1638 1134 1722 245)
1150 1641 1312 1722 glabrius·

49 1727 125 1792 culus
138 1746 156 1792 e
169 1727 240 1792 basi
258 1726 414 1792 indurati
430 1726 614 1810 cespitosus
627 1723 836 1807 multicaulis,
853 1725 1002 1792 caulibus
1014 1727 1190 1809 gracilibus
1205 1731 1311 1813 pumi-

48 1816 79 1882 lis
88 1817 196 1883 crebre
207 1816 334 1882 foliosis
346 1814 551 1898 simplicibus
565 1815 616 1878 vel
629 1814 822 1897 corymbose
832 1814 971 1882 ramosis
984 1815 1085 1881 rumis
1095 1821 1310 1901 monocepha-

20 1903 22 1992 l
46 1905 175 1986 lis,ioliis
188 1909 328 1986 anguste
340 1904 522 1970 linearibus
536 1903 722 1970 uninerviis
739 1905 841 1970 acutis
863 1903 1086 1985 integerrimis
1105 1907 1310 1974 intermediis

47 1995 194 2078 elongatis,
227 1993 392 2060 involucri
421 1993 543 2076 phyllis
574 1993 803 2060 suhbiseriatis
836 1993 954 2060 ciliatis
986 1995 1175 2060 lanceelutis
1194 1996 1309 2077 acutia,

47 2082 136 2166 ligrlis
162 2083 247 2150 albis
276 2081 330 2149 vel
358 2081 464 2148 roseis
496 2081 585 2148 diseo
615 2081 715 2165 duple
745 2081 957 2165 longioribus,
987 2083 1131 2148 acheniis
1160 2083 1309 2166 hirsutis,

45 2173 126 2256 pappi
150 2171 349 2239 rufescentis
380 2172 460 2237 setis
487 2172 675 2238 numerosis
703 2169 838 2238 achenio
867 2171 1134 2253 sublongioribus
1161 2173 1308 2240 extentis

20 2331 22 2350 i
46 2261 138 2344 pileis
153 2261 383 2344 irregulariter
402 2259 601 2326 abbreviatis
628 2269 673 2334 tl.
694 2295 739 2306 -
757 2257 928 2325 Culimeris
944 2278 1041 2324 roseo
1058 2279 1119 2327 ne.
1137 2261 1254 2330 Prodr.
1269 2260 1308 2342 V,

20 2351 22 2414 l
46 2367 70 2432 p.
85 2351 151 2415 259.

20 2417 22 2516 i
73 2459 139 2517 Hah.
151 2461 189 2518 ad
201 2461 315 2516 radices
325 2459 435 2515 montis
446 2457 626 2530 Schahdagh
640 2457 766 2514 Caucasi
776 2459 929 2516 orientalis
941 2462 972 2516 in
982 2461 1097 2516 saxosis
1110 2462 1187 2518 eirca
1198 2477 1309 2534 pagum

20 2531 21 2588 l
46 2528 125 2587 Sudor
137 2532 258 2603 (steri),
276 2533 307 2586 in
321 2531 505 2602 rupeslribus
520 2530 734 2601 Daghestaniae
748 2531 930 2599 l800’-7500'‚
944 2533 972 2587 in
986 2532 1140 2588 montibus
1153 2532 1258 2590 Sarida
1280 2535 1309 2604 h,

20 2615 22 2700 ᾗ
47 2599 243 2730 ξὲὲωῗυίυρη
264 2602 371 2670 Gimri,
392 2602 469 2657 inter
491 2600 599 2657 Kidero
621 2605 651 2656 et
670 2601 769 2658 Kiluri
786 2606 816 2658 et
833 2603 910 2659 inira
922 2603 1039 2658 Kussur
1054 2603 1245 2676 (Ruprechtl)
1299 2648 1304 2659 .

20 2709 22 2742 ,
95 2715 101 2726 .

73 2771 165 2826 Affinis
176 2771 212 2825 A
227 2768 347 2826 Altaico
360 2767 413 2825 sed
426 2767 656 2838 glabriusculus,
676 2767 749 2823 lolia
765 2769 940 2838 angustiora
956 2769 1089 2826 acutiora
1105 2770 1164 2826 fere
1177 2770 1308 2828 Artemi·

20 2873 21 2912 i
46 2841 87 2897 ab
101 2840 287 2907 Dracrcncuh',
313 2839 418 2924 ligulae
432 2838 542 2895 albidae
560 2840 656 2894 rarius
675 2855 776 2894 roseae.
791 2839 902 2922 'Planta
917 2840 1037 2925 elegans
1054 2841 1245 2925 semipedalis
1258 2842 1306 2897 vel

20 2963 22 3014 J
46 2912 122 2982 paulo
139 2913 252 2980 elatior,
272 2911 347 2966 solra
367 2910 478 2966 lrneam
499 2909 562 2964 lata
578 2925 656 2982 saepe
679 2913 855 2981 angustiora
876 2911 942 2967 8-15
954 2911 1051 2970 lineas
1064 2911 1162 2984 longa,
1176 2912 1306 2985 capitula

20 3019 22 3088 ἶ
47 2995 132 3052 parva.

20 3091 22 3126 l

20 3133 22 3168 ¹
82 3161 109 3224 8.
129 3160 171 3225 A.
192 3154 471 3226 inulaeiolius
488 3153 609 3241 (Boiss.
628 3160 662 3222 et
679 3153 765 3240 Bal.)
780 3156 820 3222 ad
840 3157 966 3223 caulem
984 3161 1016 3222 et
1030 3157 1197 3240 margines
1214 3156 1306 3224 lolio-

46 3267 110 3315 mm
128 3249 270 3315 breviter
288 3253 322 3312 et
345 3263 442 3329 parce
462 3244 578 3311 scaber
599 3251 755 3310 cetarum
773 3245 895 3327 glaber,
923 3247 1014 3312 caule
1032 3264 1170 3330 procero
1191 3247 1305 3314 striato

20 3331 22 3374 ¹
48 3338 163 3422 shrpliei
186 3335 380 3422 simpliciter
401 3331 796 3417 particulalo-corymboso
817 3334 912 3400 valde
932 3335 1055 3414 lohoac,
1074 3335 1159 3401 loliis
1183 3336 1306 3418 majus-

47 3427 115 3493 culis
129 3424 466 3509 oblongo-lanceolatis
487 3422 590 3490 acutis
606 3427 722 3505 argute
737 3428 770 3489 et
787 3428 913 3489 remote
930 3423 1140 3490 denticulatis
1169 3424 1307 3490 subuni-

47 3517 151 3584 nerviis
181 3516 334 3583 omnibus
370 3511 542 3579 sessilibus
571 3512 640 3578 basi
671 3512 1118 3579 rotundato-subacrioulatis
1149 3532 1167 3577 a
1197 3513 1306 3580 modio

49 3605 123 3672 aule
139 3607 263 3672 inferne
285 3608 318 3670 et
341 3619 486 3684 superne
507 3600 689 3683 diminutis,
711 3600 909 3683 pedunculis
927 3603 1086 3684 elongatis
1104 3602 1182 3668 lolio
1199 3602 1307 3668 llorali

48 3690 225 3776 longioribus
242 3691 413 3759 interdurn
431 3690 614 3770 bractealis,
635 3688 796 3756 involucri
815 3690 938 3773 phyllis
959 3691 1085 3757 minute
1102 3690 1306 3773 glandulosis

51 3788 164 3864 anguste
187 3780 376 3848 lanceolatis
403 3779 595 3846 acuminatis
618 3778 835 3845 interioribus
851 3779 1055 3862 longioribus
1077 3779 1305 3861 subcoloratis,

49 3867 140 3951 ligulis
153 3873 254 3939 roseis
274 3869 364 3937 disco
383 3870 484 3953 duplo
503 3867 716 3949 longioribus,
733 3867 877 3934 aeheniis
897 3868 993 3935 hirtis
1017 3877 1063 3942 il.

81 3978 142 4036 Hah.
154 3981 182 4036 in
195 3981 292 4052 sylvis
305 3979 445 4036 abietinis
457 3979 546 4038 Ponti
562 3977 658 4035 Lazici
670 3978 749 4034 inira
759 3979 864 4050 Djimil
877 3979 956 4037 5400’
972 3979 1040 4050 (Bal
1049 3980 1069 4048 l)
1084 3978 1128 4035 Fl.
1141 3979 1199 4035 Jul.

81 4073 270 4150 Bi-lripedahs,
284 4078 358 4134 lolia
370 4077 547 4134 intermedia
559 4075 783 4204 lid-‘pellicana
796 4076 956 4148 pedunculi
976 4075 1210 4157 3·5-pollieares²
1225 4076 1304 4148 capi·

54 4145 221 4232 brhmagnib
243 4150 278 4205 A.
293 4148 410 4206 amelli.
433 4148 537 4232 hinnis
560 4147 597 4205 A.
636 4147 774 4232 because
788 4149 868 4230 pube
888 4145 1026 4230 papillati
1040 4146 1133 4232 molli,
1146 4147 1227 4203 loliis
1241 4147 1308 4230 basi

55 4218 332 4350 ffiffifflstffls
345 4221 487 4277 solitarns
496 4218 545 4277 vel
559 4223 860 4292 paucis,papp1set1s
874 4223 1003 4276 externis
1017 4217 1154 4290 plumbus
1163 4219 1308 4275 brevissi·

229 4457 244 4486 '
262 4459 278 4487 *
296 4459 393 4532 Pappi
406 4460 477 4514 setas
490 4461 621 4514 externae
634 4457 735 4530 pluras
749 4455 816 4512 aliis
829 4455 924 4512 multo
938 4456 1098 4515 breviores.

95 4606 119 4670 l.
139 4609 178 4676 A.
202 4611 471 4682 Caucasleus
494 4611 622 4697 (Willd.
639 4609 695 4697 Sp.
716 4611 773 4694 Ill,
799 4631 831 4697 p.
852 4609 954 4696 heac)
973 4611 1014 4678 ad
1031 4609 1158 4678 caulem
1182 4629 1305 4680 nervos
1400 4697 1405 4706 .
