<?xml version="1.0" encoding="UTF-8"?>
<!DOCTYPE html PUBLIC "-//W3C//DTD XHTML 1.0 Transitional//EN"
    "http://www.w3.org/TR/xhtml1/DTD/xhtml1-transitional.dtd">
<html xmlns="http://www.w3.org/1999/xhtml" xml:lang="en" lang="en">
 <head>
  <title>
</title>
<meta http-equiv="Content-Type" content="text/html;charset=utf-8" />
  <meta name='ocr-system' content='tesseract 3.04.00' />
  <meta name='ocr-capabilities' content='ocr_page ocr_carea ocr_par ocr_line ocrx_word'/>
</head>
<body>
  <div class='ocr_page' id='page_1' title='image "./floraorientalis00boisgoog/floraorientalis00boisgoog_0570.png"; bbox 0 0 3008 5164; ppageno 0'>
   <div class='ocr_carea' id='block_1_1' title="bbox 205 339 1482 413">
    <p class='ocr_par' dir='ltr' id='par_1_1' title="bbox 205 339 1482 413">
     <span class='ocr_line' id='line_1_1' title="bbox 205 339 1482 413; baseline 0.003 -18"><span class='ocrx_word' id='word_1_1' title='bbox 205 339 267 395; x_wconf 75' lang='lat'>560</span> <span class='ocrx_word' id='word_1_2' title='bbox 759 353 949 404; x_wconf 69' lang='lat' dir='ltr'>,courostrar</span> <span class='ocrx_word' id='word_1_3' title='bbox 1302 340 1482 413; x_wconf 78' lang='lat' dir='ltr'>Ouopordon.</span> 
     </span>
    </p>
   </div>
   <div class='ocr_carea' id='block_1_2' title="bbox 210 459 1482 604">
    <p class='ocr_par' dir='ltr' id='par_1_2' title="bbox 210 459 1482 604">
     <span class='ocr_line' id='line_1_2' title="bbox 236 459 1482 536; baseline 0.005 -22"><span class='ocrx_word' id='word_1_4' title='bbox 236 459 323 536; x_wconf 82' lang='lat' dir='ltr'>Hah.</span> <span class='ocrx_word' id='word_1_5' title='bbox 342 461 374 515; x_wconf 94' lang='lat' dir='ltr'>in</span> <span class='ocrx_word' id='word_1_6' title='bbox 394 459 513 516; x_wconf 88' lang='lat' dir='ltr'>incultis</span> <span class='ocrx_word' id='word_1_7' title='bbox 533 465 562 515; x_wconf 86' lang='lat' dir='ltr'>ot</span> <span class='ocrx_word' id='word_1_8' title='bbox 582 461 728 517; x_wconf 83' lang='lat' dir='ltr'>ruderatis</span> <span class='ocrx_word' id='word_1_9' title='bbox 742 461 836 518; x_wconf 80' lang='lat' dir='ltr'>Cretae</span> <span class='ocrx_word' id='word_1_10' title='bbox 854 461 970 532; x_wconf 69' lang='lat' dir='ltr'>(siben,</span> <span class='ocrx_word' id='word_1_11' title='bbox 983 461 1095 531; x_wconf 74' lang='lat' dir='ltr'>Raab),</span> <span class='ocrx_word' id='word_1_12' title='bbox 1109 461 1306 535; x_wconf 68' lang='lat' dir='ltr'>Peloponnesi</span> <span class='ocrx_word' id='word_1_13' title='bbox 1330 462 1371 518; x_wconf 81' lang='lat' dir='ltr'>ad</span> <span class='ocrx_word' id='word_1_14' title='bbox 1386 463 1482 520; x_wconf 75' lang='lat' dir='ltr'>rediens</span> 
     </span>
     <span class='ocr_line' id='line_1_3' title="bbox 210 530 751 604; baseline 0.004 -18"><span class='ocrx_word' id='word_1_15' title='bbox 210 530 355 602; x_wconf 88' lang='lat' dir='ltr'>Kyllenes</span> <span class='ocrx_word' id='word_1_16' title='bbox 368 547 459 604; x_wconf 85' lang='lat' dir='ltr'>supra</span> <span class='ocrx_word' id='word_1_17' title='bbox 473 531 597 587; x_wconf 79' lang='lat' dir='ltr'>Trikcla</span> <span class='ocrx_word' id='word_1_18' title='bbox 610 532 751 602; x_wconf 74' lang='lat' dir='ltr'>(Helori).</span> 
     </span>
    </p>
   </div>
   <div class='ocr_carea' id='block_1_3' title="bbox 256 629 1486 720">
    <p class='ocr_par' dir='ltr' id='par_1_3' title="bbox 256 629 1486 720">
     <span class='ocr_line' id='line_1_4' title="bbox 256 629 1486 720; baseline 0.003 -26"><span class='ocrx_word' id='word_1_19' title='bbox 256 661 286 720; x_wconf 78' lang='lat' dir='ltr'>y.</span> <span class='ocrx_word' id='word_1_20' title='bbox 316 629 517 712; x_wconf 73' lang='lat' dir='ltr'>hraethun.</span> <span class='ocrx_word' id='word_1_21' title='bbox 537 669 577 680; x_wconf 93' lang='lat'>-</span> <span class='ocrx_word' id='word_1_22' title='bbox 595 631 806 698; x_wconf 87' lang='lat' dir='ltr'>involucrum</span> <span class='ocrx_word' id='word_1_23' title='bbox 832 637 952 715; x_wconf 86' lang='lat' dir='ltr'>praeter</span> <span class='ocrx_word' id='word_1_24' title='bbox 967 632 1140 715; x_wconf 79' lang='lat' dir='ltr'>glandulas</span> <span class='ocrx_word' id='word_1_25' title='bbox 1164 631 1268 716; x_wconf 86' lang='lat' dir='ltr'>magis</span> <span class='ocrx_word' id='word_1_26' title='bbox 1291 649 1486 708; x_wconf 75' lang='lat' dir='ltr'>araneorum,</span> 
     </span>
    </p>
   </div>
   <div class='ocr_carea' id='block_1_4' title="bbox 212 720 1487 983">
    <p class='ocr_par' dir='ltr' id='par_1_4' title="bbox 212 720 1487 983">
     <span class='ocr_line' id='line_1_5' title="bbox 212 720 1487 806; baseline 0 -21"><span class='ocrx_word' id='word_1_27' title='bbox 212 723 316 804; x_wconf 82' lang='lat' dir='ltr'>spinae</span> <span class='ocrx_word' id='word_1_28' title='bbox 333 720 488 786; x_wconf 88' lang='lat' dir='ltr'>loliorum</span> <span class='ocrx_word' id='word_1_29' title='bbox 503 727 536 786; x_wconf 87' lang='lat' dir='ltr'>et</span> <span class='ocrx_word' id='word_1_30' title='bbox 552 723 680 788; x_wconf 90' lang='lat' dir='ltr'>alarum</span> <span class='ocrx_word' id='word_1_31' title='bbox 697 721 745 787; x_wconf 88' lang='lat' dir='ltr'>eis</span> <span class='ocrx_word' id='word_1_32' title='bbox 764 741 831 786; x_wconf 88' lang='lat' dir='ltr'>var.</span> <span class='ocrx_word' id='word_1_33' title='bbox 847 721 870 804; x_wconf 79' lang='grc' dir='ltr'><em>β</em></span> <span class='ocrx_word' id='word_1_34' title='bbox 888 723 1065 788; x_wconf 73' lang='lat' dir='ltr'>tenuiores.</span> <span class='ocrx_word' id='word_1_35' title='bbox 1083 721 1132 786; x_wconf 84' lang='lat' dir='ltr'>Ex</span> <span class='ocrx_word' id='word_1_36' title='bbox 1151 721 1394 806; x_wconf 78' lang='lat' dir='ltr'>speciminibus</span> <span class='ocrx_word' id='word_1_37' title='bbox 1409 725 1487 786; x_wconf 81' lang='lat' dir='ltr'>aetete</span> 
     </span>
     <span class='ocr_line' id='line_1_6' title="bbox 212 809 1487 894; baseline -0.001 -20"><span class='ocrx_word' id='word_1_38' title='bbox 212 829 277 876; x_wconf 92' lang='lat' dir='ltr'>non</span> <span class='ocrx_word' id='word_1_39' title='bbox 300 815 351 876; x_wconf 84' lang='lat' dir='ltr'>sei</span> <span class='ocrx_word' id='word_1_40' title='bbox 370 810 538 893; x_wconf 88' lang='lat' dir='ltr'>&#39;provectis</span> <span class='ocrx_word' id='word_1_41' title='bbox 562 811 654 894; x_wconf 89' lang='lat' dir='ltr'>prius</span> <span class='ocrx_word' id='word_1_42' title='bbox 680 811 880 877; x_wconf 82' lang='lat' dir='ltr'>distinctum.</span> <span class='ocrx_word' id='word_1_43' title='bbox 909 847 946 856; x_wconf 93' lang='lat'><em>-</em></span> <span class='ocrx_word' id='word_1_44' title='bbox 971 809 1006 876; x_wconf 87' lang='lat'>0.</span> <span class='ocrx_word' id='word_1_45' title='bbox 1028 809 1223 891; x_wconf 69' lang='lat' dir='ltr'>Argolicam</span> <span class='ocrx_word' id='word_1_46' title='bbox 1249 809 1360 878; x_wconf 87' lang='lat' dir='ltr'>Boiss.</span> <span class='ocrx_word' id='word_1_47' title='bbox 1388 811 1487 892; x_wconf 84' lang='lat' dir='ltr'>Diugn.</span> 
     </span>
     <span class='ocr_line' id='line_1_7' title="bbox 212 897 1486 983; baseline -0.002 -19"><span class='ocrx_word' id='word_1_48' title='bbox 212 899 318 974; x_wconf 67' lang='lat' dir='ltr'>Scri,</span> <span class='ocrx_word' id='word_1_49' title='bbox 331 900 382 980; x_wconf 86' lang='lat' dir='ltr'>tu,</span> <span class='ocrx_word' id='word_1_50' title='bbox 396 919 427 983; x_wconf 89' lang='lat' dir='ltr'>p.</span> <span class='ocrx_word' id='word_1_51' title='bbox 446 901 498 964; x_wconf 83' lang='lat' dir='ltr'>et.</span> <span class='ocrx_word' id='word_1_52' title='bbox 512 935 555 945; x_wconf 90' lang='lat'>-</span> <span class='ocrx_word' id='word_1_53' title='bbox 569 898 603 965; x_wconf 90' lang='lat'>0.</span> <span class='ocrx_word' id='word_1_54' title='bbox 615 897 843 982; x_wconf 75' lang='lat' dir='ltr'>corymbosum</span> <span class='ocrx_word' id='word_1_55' title='bbox 863 897 1052 966; x_wconf 85' lang='lat' dir='ltr'>Willkomm</span> <span class='ocrx_word' id='word_1_56' title='bbox 1064 899 1181 982; x_wconf 85' lang='lat' dir='ltr'>Pugill.</span> <span class='ocrx_word' id='word_1_57' title='bbox 1199 899 1241 964; x_wconf 88' lang='lat' dir='ltr'>N⁰</span> <span class='ocrx_word' id='word_1_58' title='bbox 1253 899 1296 964; x_wconf 77' lang='lat'>33</span> <span class='ocrx_word' id='word_1_59' title='bbox 1318 898 1486 966; x_wconf 80' lang='lat' dir='ltr'>nonBoiee.</span> 
     </span>
    </p>
   </div>
   <div class='ocr_carea' id='block_1_5' title="bbox 247 1007 1490 1082">
    <p class='ocr_par' dir='ltr' id='par_1_5' title="bbox 247 1007 1490 1082">
     <span class='ocr_line' id='line_1_8' title="bbox 247 1007 1490 1082; baseline -0.002 -18"><span class='ocrx_word' id='word_1_60' title='bbox 247 1009 323 1064; x_wconf 82' lang='lat' dir='ltr'>Heb.</span> <span class='ocrx_word' id='word_1_61' title='bbox 335 1010 373 1065; x_wconf 85' lang='lat' dir='ltr'>ed</span> <span class='ocrx_word' id='word_1_62' title='bbox 384 1009 546 1082; x_wconf 82' lang='lat' dir='ltr'>Nauplism</span> <span class='ocrx_word' id='word_1_63' title='bbox 565 1009 717 1082; x_wconf 82' lang='lat' dir='ltr'>Argolidis</span> <span class='ocrx_word' id='word_1_64' title='bbox 728 1008 864 1078; x_wconf 81' lang='lat' dir='ltr'>(Boissl),</span> <span class='ocrx_word' id='word_1_65' title='bbox 874 1009 906 1064; x_wconf 91' lang='lat' dir='ltr'>in</span> <span class='ocrx_word' id='word_1_66' title='bbox 921 1008 1020 1065; x_wconf 74' lang='lat' dir='ltr'>insule</span> <span class='ocrx_word' id='word_1_67' title='bbox 1030 1008 1122 1065; x_wconf 87' lang='lat' dir='ltr'>Chios</span> <span class='ocrx_word' id='word_1_68' title='bbox 1132 1007 1229 1080; x_wconf 88' lang='lat' dir='ltr'>(Orph</span> <span class='ocrx_word' id='word_1_69' title='bbox 1237 1011 1267 1078; x_wconf 87' lang='lat' dir='ltr'>l),</span> <span class='ocrx_word' id='word_1_70' title='bbox 1275 1007 1381 1064; x_wconf 73' lang='lat' dir='ltr'>There</span> <span class='ocrx_word' id='word_1_71' title='bbox 1389 1007 1490 1077; x_wconf 81' lang='lat' dir='ltr'>(Serti).</span> 
     </span>
    </p>
   </div>
   <div class='ocr_carea' id='block_1_6' title="bbox 212 1104 1488 1252">
    <p class='ocr_par' dir='ltr' id='par_1_6' title="bbox 212 1104 1488 1252">
     <span class='ocr_line' id='line_1_9' title="bbox 248 1104 1488 1180; baseline -0.002 -18"><span class='ocrx_word' id='word_1_72' title='bbox 248 1107 359 1178; x_wconf 84' lang='lat' dir='ltr'>Phylla</span> <span class='ocrx_word' id='word_1_73' title='bbox 379 1113 501 1163; x_wconf 83' lang='lat' dir='ltr'>externa</span> <span class='ocrx_word' id='word_1_74' title='bbox 518 1107 666 1164; x_wconf 78' lang='lat' dir='ltr'>involucri</span> <span class='ocrx_word' id='word_1_75' title='bbox 687 1107 859 1180; x_wconf 75' lang='lat' dir='ltr'>plantarum</span> <span class='ocrx_word' id='word_1_76' title='bbox 875 1105 1072 1166; x_wconf 77' lang='lat' dir='ltr'>Orientalium</span> <span class='ocrx_word' id='word_1_77' title='bbox 1091 1108 1134 1163; x_wconf 87' lang='lat' dir='ltr'>eis</span> <span class='ocrx_word' id='word_1_78' title='bbox 1155 1104 1393 1179; x_wconf 85' lang='lat' dir='ltr'>Monspeliensis</span> <span class='ocrx_word' id='word_1_79' title='bbox 1407 1104 1488 1176; x_wconf 78' lang='lat' dir='ltr'>magis</span> 
     </span>
     <span class='ocr_line' id='line_1_10' title="bbox 212 1178 635 1252; baseline 0.005 -20"><span class='ocrx_word' id='word_1_80' title='bbox 212 1178 317 1250; x_wconf 81' lang='lat' dir='ltr'>patula</span> <span class='ocrx_word' id='word_1_81' title='bbox 330 1182 359 1233; x_wconf 87' lang='lat' dir='ltr'>et</span> <span class='ocrx_word' id='word_1_82' title='bbox 371 1179 492 1250; x_wconf 88' lang='lat' dir='ltr'>longius</span> <span class='ocrx_word' id='word_1_83' title='bbox 505 1179 635 1252; x_wconf 84' lang='lat' dir='ltr'>spinosa.</span> 
     </span>
    </p>
   </div>
   <div class='ocr_carea' id='block_1_7' title="bbox 247 1272 1138 1345">
    <p class='ocr_par' dir='ltr' id='par_1_7' title="bbox 247 1272 1138 1345">
     <span class='ocr_line' id='line_1_11' title="bbox 247 1272 1138 1345; baseline -0.002 -17"><span class='ocrx_word' id='word_1_84' title='bbox 247 1275 293 1328; x_wconf 74' lang='lat' dir='ltr'>Ar.</span> <span class='ocrx_word' id='word_1_85' title='bbox 308 1273 407 1344; x_wconf 74' lang='lat' dir='ltr'>dacor.</span> <span class='ocrx_word' id='word_1_86' title='bbox 427 1272 514 1330; x_wconf 80' lang='lat' dir='ltr'>ltalia</span> <span class='ocrx_word' id='word_1_87' title='bbox 524 1273 671 1344; x_wconf 85' lang='lat' dir='ltr'>australis,</span> <span class='ocrx_word' id='word_1_88' title='bbox 686 1273 784 1330; x_wconf 84' lang='lat' dir='ltr'>Gellia</span> <span class='ocrx_word' id='word_1_89' title='bbox 799 1272 949 1344; x_wconf 85' lang='lat' dir='ltr'>australis,</span> <span class='ocrx_word' id='word_1_90' title='bbox 961 1275 1138 1345; x_wconf 82' lang='lat' dir='ltr'>Arragonia.</span> 
     </span>
    </p>
   </div>
   <div class='ocr_carea' id='block_1_8' title="bbox 204 1441 1499 2342">
    <p class='ocr_par' dir='ltr' id='par_1_8' title="bbox 204 1441 1499 2241">
     <span class='ocr_line' id='line_1_12' title="bbox 258 1441 1492 1531; baseline 0 -22"><span class='ocrx_word' id='word_1_91' title='bbox 258 1447 288 1510; x_wconf 78' lang='lat' dir='ltr'>h.</span> <span class='ocrx_word' id='word_1_92' title='bbox 313 1443 356 1512; x_wconf 92' lang='lat'>0.</span> <span class='ocrx_word' id='word_1_93' title='bbox 382 1445 702 1529; x_wconf 79' lang='lat' dir='ltr'>corymbosum</span> <span class='ocrx_word' id='word_1_94' title='bbox 725 1443 846 1531; x_wconf 77' lang='lat' dir='ltr'>[Boiss.</span> <span class='ocrx_word' id='word_1_95' title='bbox 865 1446 900 1512; x_wconf 93' lang='lat' dir='ltr'>in</span> <span class='ocrx_word' id='word_1_96' title='bbox 921 1443 1041 1530; x_wconf 87' lang='lat' dir='ltr'>Bourg.</span> <span class='ocrx_word' id='word_1_97' title='bbox 1063 1444 1104 1527; x_wconf 93' lang='lat' dir='ltr'>pl.</span> <span class='ocrx_word' id='word_1_98' title='bbox 1128 1441 1204 1527; x_wconf 90' lang='lat' dir='ltr'>Lyc.</span> <span class='ocrx_word' id='word_1_99' title='bbox 1226 1461 1296 1509; x_wconf 78' lang='lat' dir='ltr'>ers.</span> <span class='ocrx_word' id='word_1_100' title='bbox 1329 1445 1417 1510; x_wconf 85' lang='lat'>1860</span> <span class='ocrx_word' id='word_1_101' title='bbox 1439 1461 1492 1509; x_wconf 84' lang='lat' dir='ltr'>nor</span> 
     </span>
     <span class='ocr_line' id='line_1_13' title="bbox 214 1531 1495 1623; baseline -0.002 -23"><span class='ocrx_word' id='word_1_102' title='bbox 214 1534 324 1602; x_wconf 89' lang='lat' dir='ltr'>Willk.</span> <span class='ocrx_word' id='word_1_103' title='bbox 349 1532 446 1618; x_wconf 81' lang='lat' dir='ltr'>Pug.)</span> <span class='ocrx_word' id='word_1_104' title='bbox 470 1535 663 1617; x_wconf 89' lang='lat' dir='ltr'>parcissime</span> <span class='ocrx_word' id='word_1_105' title='bbox 686 1553 884 1600; x_wconf 85' lang='lat' dir='ltr'>araneosum</span> <span class='ocrx_word' id='word_1_106' title='bbox 905 1533 1010 1600; x_wconf 87' lang='lat' dir='ltr'>viride</span> <span class='ocrx_word' id='word_1_107' title='bbox 1038 1535 1163 1599; x_wconf 91' lang='lat' dir='ltr'>minute</span> <span class='ocrx_word' id='word_1_108' title='bbox 1188 1531 1495 1623; x_wconf 61' lang='lat' dir='ltr'>glanduloso-visciy</span> 
     </span>
     <span class='ocr_line' id='line_1_14' title="bbox 212 1621 1497 1706; baseline -0.003 -14"><span class='ocrx_word' id='word_1_109' title='bbox 212 1626 302 1704; x_wconf 90' lang='lat' dir='ltr'>dam,</span> <span class='ocrx_word' id='word_1_110' title='bbox 327 1624 420 1690; x_wconf 86' lang='lat' dir='ltr'>caulo</span> <span class='ocrx_word' id='word_1_111' title='bbox 445 1623 637 1706; x_wconf 86' lang='lat' dir='ltr'>corymbose</span> <span class='ocrx_word' id='word_1_112' title='bbox 664 1641 794 1689; x_wconf 89' lang='lat' dir='ltr'>ramoso</span> <span class='ocrx_word' id='word_1_113' title='bbox 823 1629 858 1690; x_wconf 88' lang='lat' dir='ltr'>ut</span> <span class='ocrx_word' id='word_1_114' title='bbox 884 1629 916 1690; x_wconf 90' lang='lat' dir='ltr'>et</span> <span class='ocrx_word' id='word_1_115' title='bbox 943 1623 1027 1687; x_wconf 82' lang='lat' dir='ltr'>rami</span> <span class='ocrx_word' id='word_1_116' title='bbox 1054 1621 1288 1705; x_wconf 77' lang='lat' dir='ltr'>angustissime</span> <span class='ocrx_word' id='word_1_117' title='bbox 1315 1621 1497 1705; x_wconf 86' lang='lat' dir='ltr'>spinuloso·</span> 
     </span>
     <span class='ocr_line' id='line_1_15' title="bbox 205 1709 1496 1794; baseline 0 -16"><span class='ocrx_word' id='word_1_118' title='bbox 205 1717 305 1790; x_wconf 85' lang='lat' dir='ltr'>alato,</span> <span class='ocrx_word' id='word_1_119' title='bbox 318 1713 404 1779; x_wconf 88' lang='lat' dir='ltr'>foliis</span> <span class='ocrx_word' id='word_1_120' title='bbox 421 1712 609 1780; x_wconf 88' lang='lat' dir='ltr'>lanceolatis</span> <span class='ocrx_word' id='word_1_121' title='bbox 624 1712 658 1778; x_wconf 91' lang='lat' dir='ltr'>in</span> <span class='ocrx_word' id='word_1_122' title='bbox 675 1717 843 1794; x_wconf 83' lang='lat' dir='ltr'>segmenta</span> <span class='ocrx_word' id='word_1_123' title='bbox 859 1711 1073 1794; x_wconf 86' lang='lat' dir='ltr'>triangularia</span> <span class='ocrx_word' id='word_1_124' title='bbox 1091 1710 1253 1794; x_wconf 80' lang='lat' dir='ltr'>profunde</span> <span class='ocrx_word' id='word_1_125' title='bbox 1271 1709 1388 1778; x_wconf 81' lang='lat' dir='ltr'>lobats</span> <span class='ocrx_word' id='word_1_126' title='bbox 1402 1709 1496 1778; x_wconf 70' lang='lat' dir='ltr'>tenui</span> 
     </span>
     <span class='ocr_line' id='line_1_16' title="bbox 209 1799 1499 1887; baseline -0.002 -18"><span class='ocrx_word' id='word_1_127' title='bbox 209 1809 261 1869; x_wconf 90' lang='lat' dir='ltr'>ter</span> <span class='ocrx_word' id='word_1_128' title='bbox 288 1803 422 1887; x_wconf 85' lang='lat' dir='ltr'>spinosa</span> <span class='ocrx_word' id='word_1_129' title='bbox 449 1802 690 1886; x_wconf 87' lang='lat' dir='ltr'>pinnatisectis,</span> <span class='ocrx_word' id='word_1_130' title='bbox 720 1801 851 1867; x_wconf 88' lang='lat' dir='ltr'>rachide</span> <span class='ocrx_word' id='word_1_131' title='bbox 880 1801 1063 1885; x_wconf 77' lang='lat' dir='ltr'>spinulosi,</span> <span class='ocrx_word' id='word_1_132' title='bbox 1094 1800 1245 1885; x_wconf 87' lang='lat' dir='ltr'>capitulis</span> <span class='ocrx_word' id='word_1_133' title='bbox 1277 1799 1499 1868; x_wconf 75' lang='lat' dir='ltr'>mediocriboi</span> 
     </span>
     <span class='ocr_line' id='line_1_17' title="bbox 209 1888 1484 1974; baseline -0.004 -15"><span class='ocrx_word' id='word_1_134' title='bbox 209 1890 467 1974; x_wconf 80' lang='lat' dir='ltr'>ovato-globosis</span> <span class='ocrx_word' id='word_1_135' title='bbox 487 1889 748 1968; x_wconf 68' lang='lat' dir='ltr'>basi‘truncatis</span> <span class='ocrx_word' id='word_1_136' title='bbox 768 1890 931 1958; x_wconf 84' lang='lat' dir='ltr'>involucri</span> <span class='ocrx_word' id='word_1_137' title='bbox 948 1888 1053 1973; x_wconf 89' lang='lat' dir='ltr'>glabri</span> <span class='ocrx_word' id='word_1_138' title='bbox 1071 1889 1194 1972; x_wconf 80' lang='lat' dir='ltr'>phyllis</span> <span class='ocrx_word' id='word_1_139' title='bbox 1212 1889 1369 1972; x_wconf 85' lang='lat' dir='ltr'>margine</span> <span class='ocrx_word' id='word_1_140' title='bbox 1386 1906 1453 1956; x_wconf 84' lang='lat' dir='ltr'>sca</span> <span class='ocrx_word' id='word_1_141' title='bbox 1483 1922 1484 1925; x_wconf 17' lang='grc' dir='ltr'>π</span> 
     </span>
     <span class='ocr_line' id='line_1_18' title="bbox 212 1978 1480 2063; baseline -0.003 -17"><span class='ocrx_word' id='word_1_142' title='bbox 212 1981 262 2047; x_wconf 88' lang='lat' dir='ltr'>dis</span> <span class='ocrx_word' id='word_1_143' title='bbox 281 1980 459 2063; x_wconf 87' lang='lat' dir='ltr'>purpureis</span> <span class='ocrx_word' id='word_1_144' title='bbox 477 1979 665 2046; x_wconf 82' lang='lat' dir='ltr'>lanceolatis</span> <span class='ocrx_word' id='word_1_145' title='bbox 682 1980 790 2063; x_wconf 85' lang='lat' dir='ltr'>plenis</span> <span class='ocrx_word' id='word_1_146' title='bbox 808 1997 953 2062; x_wconf 87' lang='lat' dir='ltr'>superne</span> <span class='ocrx_word' id='word_1_147' title='bbox 969 1978 1189 2045; x_wconf 82' lang='lat' dir='ltr'>subcarinatis</span> <span class='ocrx_word' id='word_1_148' title='bbox 1206 1978 1358 2045; x_wconf 85' lang='lat' dir='ltr'>acerosis</span> <span class='ocrx_word' id='word_1_149' title='bbox 1376 1978 1416 2044; x_wconf 91' lang='lat' dir='ltr'>ab</span> <span class='ocrx_word' id='word_1_150' title='bbox 1429 1998 1452 2042; x_wconf 82' lang='lat' dir='ltr'>n</span> <span class='ocrx_word' id='word_1_151' title='bbox 1468 2008 1480 2033; x_wconf 44' lang='grc' dir='ltr'>ι,</span> 
     </span>
     <span class='ocr_line' id='line_1_19' title="bbox 209 2065 1495 2151; baseline -0.003 -15"><span class='ocrx_word' id='word_1_152' title='bbox 209 2069 357 2136; x_wconf 88' lang='lat' dir='ltr'>rioribus</span> <span class='ocrx_word' id='word_1_153' title='bbox 376 2068 668 2135; x_wconf 81' lang='lat' dir='ltr'>recurvo-reflexis</span> <span class='ocrx_word' id='word_1_154' title='bbox 686 2069 727 2136; x_wconf 89' lang='lat' dir='ltr'>ad</span> <span class='ocrx_word' id='word_1_155' title='bbox 747 2069 861 2134; x_wconf 83' lang='lat' dir='ltr'>intima</span> <span class='ocrx_word' id='word_1_156' title='bbox 878 2073 987 2135; x_wconf 88' lang='lat' dir='ltr'>erecta</span> <span class='ocrx_word' id='word_1_157' title='bbox 1005 2067 1153 2133; x_wconf 85' lang='lat' dir='ltr'>flosculis</span> <span class='ocrx_word' id='word_1_158' title='bbox 1172 2065 1403 2134; x_wconf 87' lang='lat' dir='ltr'>subbreviora</span> <span class='ocrx_word' id='word_1_159' title='bbox 1417 2067 1495 2151; x_wconf 44' lang='lat' dir='ltr'>elo,¹</span> 
     </span>
     <span class='ocr_line' id='line_1_20' title="bbox 204 2154 1247 2241; baseline -0.004 -18"><span class='ocrx_word' id='word_1_160' title='bbox 204 2160 294 2239; x_wconf 86' lang='lat' dir='ltr'>gatis</span> <span class='ocrx_word' id='word_1_161' title='bbox 313 2163 406 2241; x_wconf 89' lang='lat' dir='ltr'>parte</span> <span class='ocrx_word' id='word_1_162' title='bbox 423 2157 547 2223; x_wconf 79' lang='lat' dir='ltr'>reilerrd</span> <span class='ocrx_word' id='word_1_163' title='bbox 563 2157 713 2223; x_wconf 85' lang='lat' dir='ltr'>inferiori</span> <span class='ocrx_word' id='word_1_164' title='bbox 730 2157 898 2240; x_wconf 86' lang='lat' dir='ltr'>adpressae</span> <span class='ocrx_word' id='word_1_165' title='bbox 913 2157 1177 2241; x_wconf 84' lang='lat' dir='ltr'>sesquilongiore</span> <span class='ocrx_word' id='word_1_166' title='bbox 1194 2154 1247 2240; x_wconf 73' lang='grc' dir='ltr'>(ξ).</span> 
     </span>
    </p>

    <p class='ocr_par' dir='ltr' id='par_1_9' title="bbox 247 2265 1465 2342">
     <span class='ocr_line' id='line_1_21' title="bbox 247 2265 1465 2342; baseline -0.005 -17"><span class='ocrx_word' id='word_1_167' title='bbox 247 2270 326 2326; x_wconf 85' lang='lat' dir='ltr'>Heb.</span> <span class='ocrx_word' id='word_1_168' title='bbox 341 2269 373 2326; x_wconf 89' lang='lat' dir='ltr'>in</span> <span class='ocrx_word' id='word_1_169' title='bbox 388 2269 478 2340; x_wconf 71' lang='lat' dir='ltr'>Lycii</span> <span class='ocrx_word' id='word_1_170' title='bbox 490 2283 581 2342; x_wconf 89' lang='lat' dir='ltr'>prope</span> <span class='ocrx_word' id='word_1_171' title='bbox 594 2267 712 2324; x_wconf 84' lang='lat' dir='ltr'>Elmalu</span> <span class='ocrx_word' id='word_1_172' title='bbox 726 2269 849 2339; x_wconf 88' lang='lat' dir='ltr'>(Bourg.</span> <span class='ocrx_word' id='word_1_173' title='bbox 862 2267 950 2333; x_wconf 75' lang='lat' dir='ltr'>tter),</span> <span class='ocrx_word' id='word_1_174' title='bbox 962 2268 993 2323; x_wconf 93' lang='lat' dir='ltr'>in</span> <span class='ocrx_word' id='word_1_175' title='bbox 1007 2266 1110 2322; x_wconf 77' lang='lat' dir='ltr'>Cilicio</span> <span class='ocrx_word' id='word_1_176' title='bbox 1121 2265 1265 2322; x_wconf 76' lang='lat' dir='ltr'>Tracnaet</span> <span class='ocrx_word' id='word_1_177' title='bbox 1278 2267 1465 2336; x_wconf 75' lang='lat' dir='ltr'>(Peronint).</span> 
     </span>
    </p>
   </div>
   <div class='ocr_carea' id='block_1_9' title="bbox 213 2361 1492 2582">
    <p class='ocr_par' dir='ltr' id='par_1_10' title="bbox 213 2361 1492 2582">
     <span class='ocr_line' id='line_1_22' title="bbox 247 2361 1492 2437; baseline -0.014 -15"><span class='ocrx_word' id='word_1_178' title='bbox 247 2364 355 2422; x_wconf 82' lang='lat' dir='ltr'>Pedele</span> <span class='ocrx_word' id='word_1_179' title='bbox 368 2364 416 2422; x_wconf 88' lang='lat' dir='ltr'>vel</span> <span class='ocrx_word' id='word_1_180' title='bbox 430 2365 576 2437; x_wconf 82' lang='lat' dir='ltr'>bipedale.</span> <span class='ocrx_word' id='word_1_181' title='bbox 588 2365 762 2421; x_wconf 89' lang='lat' dir='ltr'>indumento</span> <span class='ocrx_word' id='word_1_182' title='bbox 776 2363 902 2422; x_wconf 76' lang='lat' dir='ltr'>chineo.</span> <span class='ocrx_word' id='word_1_183' title='bbox 914 2363 1050 2435; x_wconf 70' lang='lat' dir='ltr'>Taurum,</span> <span class='ocrx_word' id='word_1_184' title='bbox 1063 2363 1116 2420; x_wconf 89' lang='lat' dir='ltr'>sed</span> <span class='ocrx_word' id='word_1_185' title='bbox 1127 2363 1424 2436; x_wconf 76' lang='lat' dir='ltr'>ioliapinnsiiseots‚</span> <span class='ocrx_word' id='word_1_186' title='bbox 1438 2388 1456 2411; x_wconf 52' lang='lat' dir='ltr'>o</span> <span class='ocrx_word' id='word_1_187' title='bbox 1472 2361 1492 2407; x_wconf 49' lang='grc' dir='ltr'>ι·</span> 
     </span>
     <span class='ocr_line' id='line_1_23' title="bbox 213 2434 1481 2510; baseline -0.002 -18"><span class='ocrx_word' id='word_1_188' title='bbox 213 2438 277 2492; x_wconf 84' lang='lat' dir='ltr'>tula</span> <span class='ocrx_word' id='word_1_189' title='bbox 290 2439 414 2505; x_wconf 78' lang='lat' dir='ltr'>minore,</span> <span class='ocrx_word' id='word_1_190' title='bbox 427 2437 616 2492; x_wconf 87' lang='lat' dir='ltr'>involucrum</span> <span class='ocrx_word' id='word_1_191' title='bbox 630 2435 895 2510; x_wconf 85' lang='lat' dir='ltr'>glabrumphyllis</span> <span class='ocrx_word' id='word_1_192' title='bbox 909 2451 1036 2510; x_wconf 88' lang='lat' dir='ltr'>superne</span> <span class='ocrx_word' id='word_1_193' title='bbox 1049 2451 1110 2491; x_wconf 92' lang='lat' dir='ltr'>non</span> <span class='ocrx_word' id='word_1_194' title='bbox 1125 2434 1213 2490; x_wconf 83' lang='lat' dir='ltr'>velde</span> <span class='ocrx_word' id='word_1_195' title='bbox 1226 2437 1399 2492; x_wconf 76' lang='lat' dir='ltr'>attenuatis</span> <span class='ocrx_word' id='word_1_196' title='bbox 1410 2435 1463 2494; x_wconf 83' lang='lat' dir='ltr'>sed</span> <span class='ocrx_word' id='word_1_197' title='bbox 1480 2458 1481 2477; x_wconf 67' lang='lat'>1</span> 
     </span>
     <span class='ocr_line' id='line_1_24' title="bbox 214 2507 736 2582; baseline -0.002 -19"><span class='ocrx_word' id='word_1_198' title='bbox 214 2508 246 2563; x_wconf 92' lang='lat' dir='ltr'>in</span> <span class='ocrx_word' id='word_1_199' title='bbox 262 2507 292 2565; x_wconf 90' lang='lat'>0.</span> <span class='ocrx_word' id='word_1_200' title='bbox 307 2507 429 2582; x_wconf 76' lang='lat' dir='ltr'>Illyrico</span> <span class='ocrx_word' id='word_1_201' title='bbox 442 2507 615 2564; x_wconf 85' lang='lat' dir='ltr'>lanceolatis</span> <span class='ocrx_word' id='word_1_202' title='bbox 628 2507 736 2580; x_wconf 84' lang='lat' dir='ltr'>plenis.</span> 
     </span>
    </p>
   </div>
   <div class='ocr_carea' id='block_1_10' title="bbox 208 2678 1490 4180">
    <p class='ocr_par' dir='ltr' id='par_1_11' title="bbox 208 2678 1501 4012">
     <span class='ocr_line' id='line_1_25' title="bbox 260 2678 1453 2764; baseline 0.003 -19"><span class='ocrx_word' id='word_1_203' title='bbox 260 2682 292 2745; x_wconf 82' lang='lat'>5.</span> <span class='ocrx_word' id='word_1_204' title='bbox 319 2679 364 2748; x_wconf 92' lang='lat'>0.</span> <span class='ocrx_word' id='word_1_205' title='bbox 391 2679 625 2764; x_wconf 81' lang='lat' dir='ltr'>Illyricum</span> <span class='ocrx_word' id='word_1_206' title='bbox 650 2678 702 2764; x_wconf 91' lang='lat' dir='ltr'>(L.</span> <span class='ocrx_word' id='word_1_207' title='bbox 723 2679 780 2764; x_wconf 91' lang='lat' dir='ltr'>Sp.</span> <span class='ocrx_word' id='word_1_208' title='bbox 806 2682 908 2764; x_wconf 76' lang='lat' dir='ltr'>&#39;¹¹58l</span> <span class='ocrx_word' id='word_1_209' title='bbox 932 2685 1038 2746; x_wconf 89' lang='lat' dir='ltr'>tutum</span> <span class='ocrx_word' id='word_1_210' title='bbox 1057 2679 1214 2762; x_wconf 86' lang='lat' dir='ltr'>adpresso</span> <span class='ocrx_word' id='word_1_211' title='bbox 1234 2683 1267 2744; x_wconf 88' lang='lat' dir='ltr'>et</span> <span class='ocrx_word' id='word_1_212' title='bbox 1285 2678 1330 2744; x_wconf 86' lang='lat' dir='ltr'>ad</span> <span class='ocrx_word' id='word_1_213' title='bbox 1353 2682 1453 2749; x_wconf 76' lang='lat' dir='ltr'>folior</span> 
     </span>
     <span class='ocr_line' id='line_1_26' title="bbox 214 2769 1430 2852; baseline -0.004 -18"><span class='ocrx_word' id='word_1_214' title='bbox 214 2770 366 2852; x_wconf 79' lang='lat' dir='ltr'>paginam</span> <span class='ocrx_word' id='word_1_215' title='bbox 383 2769 574 2835; x_wconf 82' lang='lat' dir='ltr'>interiorem</span> <span class='ocrx_word' id='word_1_216' title='bbox 600 2771 765 2852; x_wconf 87' lang='lat' dir='ltr'>copiosius</span> <span class='ocrx_word' id='word_1_217' title='bbox 790 2774 1122 2849; x_wconf 72' lang='lat' dir='ltr'>tomentum-canum,</span> <span class='ocrx_word' id='word_1_218' title='bbox 1148 2769 1240 2834; x_wconf 84' lang='lat' dir='ltr'>caule</span> <span class='ocrx_word' id='word_1_219' title='bbox 1267 2769 1363 2836; x_wconf 84' lang='lat' dir='ltr'>eluto</span> <span class='ocrx_word' id='word_1_220' title='bbox 1396 2796 1430 2829; x_wconf 74' lang='grc'>·;·</span> 
     </span>
     <span class='ocr_line' id='line_1_27' title="bbox 208 2857 1451 2944; baseline 0.003 -21"><span class='ocrx_word' id='word_1_221' title='bbox 208 2875 361 2941; x_wconf 85' lang='lat' dir='ltr'>superne</span> <span class='ocrx_word' id='word_1_222' title='bbox 389 2877 518 2924; x_wconf 90' lang='lat' dir='ltr'>ramoso</span> <span class='ocrx_word' id='word_1_223' title='bbox 537 2859 599 2925; x_wconf 88' lang='lat' dir='ltr'>alis</span> <span class='ocrx_word' id='word_1_224' title='bbox 624 2860 778 2944; x_wconf 88' lang='lat' dir='ltr'>pluribus</span> <span class='ocrx_word' id='word_1_225' title='bbox 797 2857 947 2937; x_wconf 83' lang='lat' dir='ltr'>angustis</span> <span class='ocrx_word' id='word_1_226' title='bbox 972 2857 1375 2941; x_wconf 87' lang='lat' dir='ltr'>dentato-spinosissimis</span> <span class='ocrx_word' id='word_1_227' title='bbox 1398 2879 1451 2926; x_wconf 88' lang='lat' dir='ltr'>ma</span> 
     </span>
     <span class='ocr_line' id='line_1_28' title="bbox 215 2945 1455 3031; baseline 0.002 -20"><span class='ocrx_word' id='word_1_228' title='bbox 215 2957 302 3024; x_wconf 81' lang='lat' dir='ltr'>nato,</span> <span class='ocrx_word' id='word_1_229' title='bbox 323 2946 407 3013; x_wconf 88' lang='lat' dir='ltr'>loliis</span> <span class='ocrx_word' id='word_1_230' title='bbox 434 2948 632 3015; x_wconf 88' lang='lat' dir='ltr'>radicalibus</span> <span class='ocrx_word' id='word_1_231' title='bbox 659 2949 775 3031; x_wconf 85' lang='lat' dir='ltr'>amplis</span> <span class='ocrx_word' id='word_1_232' title='bbox 801 2945 1144 3027; x_wconf 80' lang='lat' dir='ltr'>lanceolata-oblongis</span> <span class='ocrx_word' id='word_1_233' title='bbox 1164 2945 1198 3010; x_wconf 91' lang='lat' dir='ltr'>in</span> <span class='ocrx_word' id='word_1_234' title='bbox 1225 2945 1369 3014; x_wconf 83' lang='lat' dir='ltr'>lacinias</span> <span class='ocrx_word' id='word_1_235' title='bbox 1392 2949 1455 3013; x_wconf 88' lang='lat' dir='ltr'>iter</span> 
     </span>
     <span class='ocr_line' id='line_1_29' title="bbox 217 3034 1481 3121; baseline 0.002 -22"><span class='ocrx_word' id='word_1_236' title='bbox 217 3035 340 3102; x_wconf 81' lang='lat' dir='ltr'>lohates</span> <span class='ocrx_word' id='word_1_237' title='bbox 373 3037 525 3118; x_wconf 85' lang='lat' dir='ltr'>spinosas</span> <span class='ocrx_word' id='word_1_238' title='bbox 561 3037 763 3121; x_wconf 84' lang='lat' dir='ltr'>pinnatiiidis</span> <span class='ocrx_word' id='word_1_239' title='bbox 797 3037 990 3120; x_wconf 76' lang='lat' dir='ltr'>partilium,</span> <span class='ocrx_word' id='word_1_240' title='bbox 1023 3034 1164 3102; x_wconf 88' lang='lat' dir='ltr'>caulinis</span> <span class='ocrx_word' id='word_1_241' title='bbox 1201 3035 1296 3102; x_wconf 87' lang='lat' dir='ltr'>vaide</span> <span class='ocrx_word' id='word_1_242' title='bbox 1337 3035 1481 3102; x_wconf 89' lang='lat' dir='ltr'>dimin</span> 
     </span>
     <span class='ocr_line' id='line_1_30' title="bbox 216 3123 1477 3209; baseline 0.002 -19"><span class='ocrx_word' id='word_1_243' title='bbox 216 3125 482 3202; x_wconf 76' lang='lat' dir='ltr'>decurrentibus,</span> <span class='ocrx_word' id='word_1_244' title='bbox 502 3126 655 3209; x_wconf 88' lang='lat' dir='ltr'>capitulis</span> <span class='ocrx_word' id='word_1_245' title='bbox 677 3127 803 3208; x_wconf 85' lang='lat' dir='ltr'>magnis</span> <span class='ocrx_word' id='word_1_246' title='bbox 823 3126 982 3209; x_wconf 84' lang='lat' dir='ltr'>depresso</span> <span class='ocrx_word' id='word_1_247' title='bbox 1002 3123 1147 3208; x_wconf 79' lang='lat' dir='ltr'>globosis</span> <span class='ocrx_word' id='word_1_248' title='bbox 1168 3123 1239 3191; x_wconf 91' lang='lat' dir='ltr'>basi</span> <span class='ocrx_word' id='word_1_249' title='bbox 1260 3130 1426 3192; x_wconf 79' lang='lat' dir='ltr'>trunceto</span> <span class='ocrx_word' id='word_1_250' title='bbox 1448 3154 1477 3185; x_wconf 70' lang='lat' dir='ltr'>va</span> 
     </span>
     <span class='ocr_line' id='line_1_31' title="bbox 212 3212 1463 3298; baseline 0.001 -19"><span class='ocrx_word' id='word_1_251' title='bbox 212 3214 315 3292; x_wconf 86' lang='lat' dir='ltr'>cavis,</span> <span class='ocrx_word' id='word_1_252' title='bbox 331 3215 495 3280; x_wconf 84' lang='lat' dir='ltr'>involucri</span> <span class='ocrx_word' id='word_1_253' title='bbox 516 3215 587 3282; x_wconf 84' lang='lat' dir='ltr'>husi</span> <span class='ocrx_word' id='word_1_254' title='bbox 604 3216 755 3282; x_wconf 86' lang='lat' dir='ltr'>araneosi</span> <span class='ocrx_word' id='word_1_255' title='bbox 773 3217 825 3282; x_wconf 85' lang='lat' dir='ltr'>vel</span> <span class='ocrx_word' id='word_1_256' title='bbox 844 3215 983 3298; x_wconf 88' lang='lat' dir='ltr'>glabrati</span> <span class='ocrx_word' id='word_1_257' title='bbox 1002 3212 1121 3298; x_wconf 85' lang='lat' dir='ltr'>phyllis</span> <span class='ocrx_word' id='word_1_258' title='bbox 1139 3212 1180 3278; x_wconf 88' lang='lat' dir='ltr'>ab</span> <span class='ocrx_word' id='word_1_259' title='bbox 1198 3213 1325 3280; x_wconf 86' lang='lat' dir='ltr'>infimis</span> <span class='ocrx_word' id='word_1_260' title='bbox 1350 3213 1463 3280; x_wconf 80' lang='lat' dir='ltr'>brevi</span> 
     </span>
     <span class='ocr_line' id='line_1_32' title="bbox 215 3303 1473 3385; baseline 0.003 -19"><span class='ocrx_word' id='word_1_261' title='bbox 215 3303 475 3384; x_wconf 87' lang='lat' dir='ltr'>triangularibus</span> <span class='ocrx_word' id='word_1_262' title='bbox 501 3303 543 3369; x_wconf 89' lang='lat' dir='ltr'>ad</span> <span class='ocrx_word' id='word_1_263' title='bbox 567 3303 725 3370; x_wconf 89' lang='lat' dir='ltr'>interiora</span> <span class='ocrx_word' id='word_1_264' title='bbox 752 3305 875 3372; x_wconf 87' lang='lat' dir='ltr'>sensim</span> <span class='ocrx_word' id='word_1_265' title='bbox 904 3305 1007 3370; x_wconf 87' lang='lat' dir='ltr'>auctis</span> <span class='ocrx_word' id='word_1_266' title='bbox 1035 3303 1215 3385; x_wconf 89' lang='lat' dir='ltr'>purpureis</span> <span class='ocrx_word' id='word_1_267' title='bbox 1243 3309 1376 3385; x_wconf 87' lang='lat' dir='ltr'>praeter</span> <span class='ocrx_word' id='word_1_268' title='bbox 1401 3303 1473 3370; x_wconf 88' lang='lat' dir='ltr'>inti</span> 
     </span>
     <span class='ocr_line' id='line_1_33' title="bbox 217 3390 1461 3477; baseline 0.001 -22"><span class='ocrx_word' id='word_1_269' title='bbox 217 3391 454 3474; x_wconf 86' lang='lat' dir='ltr'>erecto-patula</span> <span class='ocrx_word' id='word_1_270' title='bbox 473 3393 596 3477; x_wconf 77' lang='lat' dir='ltr'>sepius</span> <span class='ocrx_word' id='word_1_271' title='bbox 613 3393 903 3460; x_wconf 85' lang='lat' dir='ltr'>recurvo-reflexis</span> <span class='ocrx_word' id='word_1_272' title='bbox 923 3399 1017 3476; x_wconf 86' lang='lat' dir='ltr'>parte</span> <span class='ocrx_word' id='word_1_273' title='bbox 1036 3390 1162 3457; x_wconf 80' lang='lat' dir='ltr'>reflexi</span> <span class='ocrx_word' id='word_1_274' title='bbox 1179 3391 1335 3458; x_wconf 81' lang='lat' dir='ltr'>inferiori</span> <span class='ocrx_word' id='word_1_275' title='bbox 1356 3393 1426 3475; x_wconf 83' lang='lat' dir='ltr'>adp</span> <span class='ocrx_word' id='word_1_276' title='bbox 1453 3422 1461 3448; x_wconf 49' lang='grc'>’-</span> 
     </span>
     <span class='ocr_line' id='line_1_34' title="bbox 218 3478 1351 3565; baseline 0.002 -20"><span class='ocrx_word' id='word_1_277' title='bbox 218 3479 401 3562; x_wconf 78' lang='lat' dir='ltr'>acquilongi</span> <span class='ocrx_word' id='word_1_278' title='bbox 425 3482 477 3546; x_wconf 87' lang='lat' dir='ltr'>vei</span> <span class='ocrx_word' id='word_1_279' title='bbox 504 3482 603 3565; x_wconf 88' lang='lat' dir='ltr'>duplo</span> <span class='ocrx_word' id='word_1_280' title='bbox 629 3483 783 3564; x_wconf 80' lang='lat' dir='ltr'>longiore,</span> <span class='ocrx_word' id='word_1_281' title='bbox 810 3481 956 3548; x_wconf 83' lang='lat' dir='ltr'>flosculis</span> <span class='ocrx_word' id='word_1_282' title='bbox 982 3478 1351 3564; x_wconf 80' lang='lat' dir='ltr'>gtandutoso·visctdis,</span> 
     </span>
     <span class='ocr_line' id='line_1_35' title="bbox 218 3567 1465 3656; baseline 0.003 -24"><span class='ocrx_word' id='word_1_283' title='bbox 218 3571 398 3651; x_wconf 77' lang='lat' dir='ltr'>tetragonis</span> <span class='ocrx_word' id='word_1_284' title='bbox 425 3568 490 3636; x_wconf 91' lang='lat' dir='ltr'>hilo</span> <span class='ocrx_word' id='word_1_285' title='bbox 516 3571 709 3637; x_wconf 88' lang='lat' dir='ltr'>semilunari</span> <span class='ocrx_word' id='word_1_286' title='bbox 733 3572 785 3656; x_wconf 63' lang='lat' dir='ltr'>(D.</span> <span class='ocrx_word' id='word_1_287' title='bbox 807 3571 848 3635; x_wconf 88' lang='lat' dir='ltr'>lc.</span> <span class='ocrx_word' id='word_1_288' title='bbox 876 3567 1127 3654; x_wconf 71' lang='lat' dir='ltr'>tarentinum.</span> <span class='ocrx_word' id='word_1_289' title='bbox 1155 3569 1219 3634; x_wconf 88' lang='lat' dir='ltr'>tab.</span> <span class='ocrx_word' id='word_1_290' title='bbox 1248 3571 1326 3636; x_wconf 79' lang='lat' dir='ltr'>tte.</span> <span class='ocrx_word' id='word_1_291' title='bbox 1352 3604 1400 3617; x_wconf 86' lang='lat'>-—·</span> <span class='ocrx_word' id='word_1_292' title='bbox 1418 3571 1465 3636; x_wconf 47' lang='lat' dir='ltr'>R*</span> 
     </span>
     <span class='ocr_line' id='line_1_36' title="bbox 218 3655 1474 3742; baseline -0.003 -21"><span class='ocrx_word' id='word_1_293' title='bbox 218 3658 282 3722; x_wconf 83' lang='lat' dir='ltr'>tab.</span> <span class='ocrx_word' id='word_1_294' title='bbox 307 3659 359 3723; x_wconf 82' lang='lat'>83.</span> <span class='ocrx_word' id='word_1_295' title='bbox 386 3693 420 3708; x_wconf 88' lang='lat'><em>-</em></span> <span class='ocrx_word' id='word_1_296' title='bbox 439 3656 473 3724; x_wconf 90' lang='lat'>0.</span> <span class='ocrx_word' id='word_1_297' title='bbox 497 3659 687 3740; x_wconf 78' lang='lat' dir='ltr'>elongatum</span> <span class='ocrx_word' id='word_1_298' title='bbox 708 3660 796 3725; x_wconf 88' lang='lat' dir='ltr'>Lam.</span> <span class='ocrx_word' id='word_1_299' title='bbox 818 3661 865 3726; x_wconf 84' lang='lat' dir='ltr'>Fi.</span> <span class='ocrx_word' id='word_1_300' title='bbox 893 3661 946 3726; x_wconf 78' lang='lat' dir='ltr'>or.</span> <span class='ocrx_word' id='word_1_301' title='bbox 967 3658 1008 3739; x_wconf 93' lang='lat' dir='ltr'>ll,</span> <span class='ocrx_word' id='word_1_302' title='bbox 1029 3679 1059 3742; x_wconf 93' lang='lat' dir='ltr'>p.</span> <span class='ocrx_word' id='word_1_303' title='bbox 1079 3659 1109 3723; x_wconf 90' lang='grc'>6.</span> <span class='ocrx_word' id='word_1_304' title='bbox 1133 3691 1175 3706; x_wconf 89' lang='lat'>-</span> <span class='ocrx_word' id='word_1_305' title='bbox 1192 3655 1227 3724; x_wconf 86' lang='lat' dir='ltr'>O.</span> <span class='ocrx_word' id='word_1_306' title='bbox 1248 3655 1419 3724; x_wconf 71' lang='lat' dir='ltr'>orarum</span> <span class='ocrx_word' id='word_1_307' title='bbox 1472 3696 1474 3717; x_wconf 58' lang='lat'><em>2</em></span> 
     </span>
     <span class='ocr_line' id='line_1_37' title="bbox 217 3744 1451 3830; baseline 0 -20"><span class='ocrx_word' id='word_1_308' title='bbox 217 3745 265 3810; x_wconf 93' lang='grc' dir='ltr'>ΙΙΙ.</span> <span class='ocrx_word' id='word_1_309' title='bbox 292 3747 355 3812; x_wconf 87' lang='lat' dir='ltr'>tab.</span> <span class='ocrx_word' id='word_1_310' title='bbox 384 3750 425 3813; x_wconf 75' lang='lat' dir='ltr'>it</span> <span class='ocrx_word' id='word_1_311' title='bbox 452 3765 513 3814; x_wconf 90' lang='lat' dir='ltr'>nec</span> <span class='ocrx_word' id='word_1_312' title='bbox 539 3747 692 3814; x_wconf 76' lang='lat' dir='ltr'>Carduae</span> <span class='ocrx_word' id='word_1_313' title='bbox 720 3749 853 3816; x_wconf 76' lang='lat' dir='ltr'>Grecos</span> <span class='ocrx_word' id='word_1_314' title='bbox 875 3763 1020 3830; x_wconf 79' lang='lat' dir='ltr'>porcus,</span> <span class='ocrx_word' id='word_1_315' title='bbox 1045 3753 1105 3813; x_wconf 86' lang='lat' dir='ltr'>etc.</span> <span class='ocrx_word' id='word_1_316' title='bbox 1132 3747 1256 3814; x_wconf 80' lang='lat' dir='ltr'>Tourn.</span> <span class='ocrx_word' id='word_1_317' title='bbox 1282 3744 1365 3814; x_wconf 87' lang='lat' dir='ltr'>Cor.</span> <span class='ocrx_word' id='word_1_318' title='bbox 1396 3750 1451 3814; x_wconf 79' lang='lat'>31.</span> 
     </span>
     <span class='ocr_line' id='line_1_38' title="bbox 220 3833 1490 3909; baseline 0.009 -11"><span class='ocrx_word' id='word_1_319' title='bbox 220 3833 253 3898; x_wconf 90' lang='lat'>0.</span> <span class='ocrx_word' id='word_1_320' title='bbox 268 3833 433 3902; x_wconf 79' lang='lat' dir='ltr'>Orientale</span> <span class='ocrx_word' id='word_1_321' title='bbox 445 3838 526 3903; x_wconf 89' lang='lat' dir='ltr'>Mill.</span> <span class='ocrx_word' id='word_1_322' title='bbox 543 3837 625 3902; x_wconf 89' lang='lat' dir='ltr'>Dict.</span> <span class='ocrx_word' id='word_1_323' title='bbox 642 3836 669 3902; x_wconf 88' lang='lat' dir='ltr'>N</span> <span class='ocrx_word' id='word_1_324' title='bbox 672 3849 685 3883; x_wconf 91' lang='lat'><strong>⁰</strong></span> <span class='ocrx_word' id='word_1_325' title='bbox 699 3841 729 3903; x_wconf 82' lang='lat' dir='ltr'>lt.</span> <span class='ocrx_word' id='word_1_326' title='bbox 743 3875 783 3886; x_wconf 91' lang='lat'><em>-</em></span> <span class='ocrx_word' id='word_1_327' title='bbox 796 3837 830 3903; x_wconf 91' lang='lat'>0.</span> <span class='ocrx_word' id='word_1_328' title='bbox 843 3836 1019 3902; x_wconf 81' lang='lat' dir='ltr'>horridum</span> <span class='ocrx_word' id='word_1_329' title='bbox 1034 3835 1105 3900; x_wconf 81' lang='lat' dir='ltr'>Vir.</span> <span class='ocrx_word' id='word_1_330' title='bbox 1120 3871 1160 3882; x_wconf 90' lang='lat'>-—</span> <span class='ocrx_word' id='word_1_331' title='bbox 1176 3833 1404 3904; x_wconf 65' lang='lat' dir='ltr'>bitterense</span> <span class='ocrx_word' id='word_1_332' title='bbox 1427 3845 1436 3897; x_wconf 86' lang='lat' dir='ltr'>t</span> <span class='ocrx_word' id='word_1_333' title='bbox 1489 3906 1490 3909; x_wconf 74' lang='grc'>,</span> 
     </span>
     <span class='ocr_line' id='line_1_39' title="bbox 222 3923 480 4012; baseline 0.031 -27"><span class='ocrx_word' id='word_1_334' title='bbox 222 3924 255 4012; x_wconf 87' lang='lat' dir='ltr'>in</span> <span class='ocrx_word' id='word_1_335' title='bbox 279 3923 397 4008; x_wconf 86' lang='lat' dir='ltr'>Bourg.</span> <span class='ocrx_word' id='word_1_336' title='bbox 411 3943 480 3993; x_wconf 81' lang='lat' dir='ltr'>exe.</span> 
     </span>
    </p>

    <p class='ocr_par' dir='ltr' id='par_1_12' title="bbox 217 4033 1487 4180">
     <span class='ocr_line' id='line_1_40' title="bbox 252 4033 1452 4108; baseline 0.006 -22"><span class='ocrx_word' id='word_1_337' title='bbox 252 4033 328 4089; x_wconf 84' lang='lat' dir='ltr'>lIab.</span> <span class='ocrx_word' id='word_1_338' title='bbox 343 4037 371 4090; x_wconf 92' lang='lat' dir='ltr'>in</span> <span class='ocrx_word' id='word_1_339' title='bbox 387 4037 505 4093; x_wconf 86' lang='lat' dir='ltr'>incultis</span> <span class='ocrx_word' id='word_1_340' title='bbox 518 4042 547 4092; x_wconf 86' lang='lat' dir='ltr'>et</span> <span class='ocrx_word' id='word_1_341' title='bbox 561 4037 707 4092; x_wconf 85' lang='lat' dir='ltr'>ruderatis</span> <span class='ocrx_word' id='word_1_342' title='bbox 720 4037 917 4108; x_wconf 87' lang='lat' dir='ltr'>Peloponnesi</span> <span class='ocrx_word' id='word_1_343' title='bbox 931 4043 959 4092; x_wconf 86' lang='lat' dir='ltr'>et</span> <span class='ocrx_word' id='word_1_344' title='bbox 972 4035 1129 4092; x_wconf 72' lang='lat' dir='ltr'>Messeniae</span> <span class='ocrx_word' id='word_1_345' title='bbox 1140 4034 1236 4103; x_wconf 90' lang='lat' dir='ltr'>(herb.</span> <span class='ocrx_word' id='word_1_346' title='bbox 1253 4033 1452 4107; x_wconf 67' lang='lat' dir='ltr'>Faucbelt‘l&#39;</span> 
     </span>
     <span class='ocr_line' id='line_1_41' title="bbox 217 4105 1484 4180; baseline -0.001 -22"><span class='ocrx_word' id='word_1_347' title='bbox 217 4105 269 4158; x_wconf 83' lang='lat' dir='ltr'>ehu</span> <span class='ocrx_word' id='word_1_348' title='bbox 285 4106 401 4172; x_wconf 71' lang='lat' dir='ltr'>(l&#39;rivtt.</span> <span class='ocrx_word' id='word_1_349' title='bbox 412 4108 601 4180; x_wconf 79' lang='lat' dir='ltr'>Archipelagi</span> <span class='ocrx_word' id='word_1_350' title='bbox 617 4108 725 4176; x_wconf 74' lang='lat' dir='ltr'>(Uret),</span> <span class='ocrx_word' id='word_1_351' title='bbox 740 4108 836 4164; x_wconf 82' lang='lat' dir='ltr'>Rhodi</span> <span class='ocrx_word' id='word_1_352' title='bbox 848 4108 995 4178; x_wconf 83' lang='lat' dir='ltr'>(Bourgt),</span> <span class='ocrx_word' id='word_1_353' title='bbox 1006 4107 1109 4178; x_wconf 76' lang='lat' dir='ltr'>Lydios</span> <span class='ocrx_word' id='word_1_354' title='bbox 1122 4121 1212 4178; x_wconf 90' lang='lat' dir='ltr'>prope</span> <span class='ocrx_word' id='word_1_355' title='bbox 1224 4105 1397 4176; x_wconf 79' lang='lat' dir='ltr'>Smyrnam</span> <span class='ocrx_word' id='word_1_356' title='bbox 1414 4111 1447 4177; x_wconf 83' lang='lat' dir='ltr'>(t</span> <span class='ocrx_word' id='word_1_357' title='bbox 1461 4134 1463 4153; x_wconf 65' lang='lat'>1</span> <span class='ocrx_word' id='word_1_358' title='bbox 1481 4118 1484 4134; x_wconf 47' lang='grc' dir='ltr'>ι</span> 
     </span>
    </p>
   </div>
   <div class='ocr_carea' id='block_1_11' title="bbox 216 4174 1479 4322">
    <p class='ocr_par' dir='ltr' id='par_1_13' title="bbox 216 4174 1479 4322">
     <span class='ocr_line' id='line_1_42' title="bbox 216 4174 1479 4304; baseline 0.006 -77"><span class='ocrx_word' id='word_1_359' title='bbox 216 4174 312 4230; x_wconf 72' lang='lat' dir='ltr'>Curiae</span> <span class='ocrx_word' id='word_1_360' title='bbox 327 4178 365 4232; x_wconf 84' lang='lat' dir='ltr'>ad</span> <span class='ocrx_word' id='word_1_361' title='bbox 378 4178 644 4262; x_wconf 70' lang='lat' dir='ltr'>Trattestssoissh.</span> <span class='ocrx_word' id='word_1_362' title='bbox 658 4179 750 4233; x_wconf 87' lang='lat' dir='ltr'>Tauri</span> <span class='ocrx_word' id='word_1_363' title='bbox 762 4179 874 4262; x_wconf 79' lang='lat' dir='ltr'>Cilioici</span> <span class='ocrx_word' id='word_1_364' title='bbox 887 4179 981 4304; x_wconf 50' lang='grc' dir='ltr'>(Κέω,</span> <span class='ocrx_word' id='word_1_365' title='bbox 996 4177 1091 4248; x_wconf 66' lang='lat' dir='ltr'>Syrie?⁸</span> <span class='ocrx_word' id='word_1_366' title='bbox 1106 4177 1236 4233; x_wconf 85' lang='lat' dir='ltr'>borealis</span> <span class='ocrx_word' id='word_1_367' title='bbox 1251 4192 1349 4250; x_wconf 88' lang='lat' dir='ltr'>prope</span> <span class='ocrx_word' id='word_1_368' title='bbox 1365 4181 1479 4235; x_wconf 77' lang='lat' dir='ltr'>Aintab</span> 
     </span>
     <span class='ocr_line' id='line_1_43' title="bbox 218 4244 1079 4322; baseline 0.006 -24"><span class='ocrx_word' id='word_1_369' title='bbox 218 4244 356 4302; x_wconf 81' lang='lat' dir='ltr'>hlarssch</span> <span class='ocrx_word' id='word_1_370' title='bbox 370 4253 399 4304; x_wconf 87' lang='lat' dir='ltr'>et</span> <span class='ocrx_word' id='word_1_371' title='bbox 410 4257 522 4306; x_wconf 83' lang='lat' dir='ltr'>montis</span> <span class='ocrx_word' id='word_1_372' title='bbox 535 4249 654 4321; x_wconf 83' lang='lat' dir='ltr'>Sindyar</span> <span class='ocrx_word' id='word_1_373' title='bbox 667 4249 891 4322; x_wconf 68' lang='lat' dir='ltr'>Mesopotamiae</span> <span class='ocrx_word' id='word_1_374' title='bbox 906 4255 916 4320; x_wconf 62' lang='grc' dir='ltr'>ι</span> <span class='ocrx_word' id='word_1_375' title='bbox 951 4249 1042 4305; x_wconf 85' lang='lat' dir='ltr'>aussk</span> <span class='ocrx_word' id='word_1_376' title='bbox 1051 4253 1079 4319; x_wconf 83' lang='lat' dir='ltr'>t).</span> 
     </span>
    </p>
   </div>
   <div class='ocr_carea' id='block_1_12' title="bbox 226 4345 1425 4500">
    <p class='ocr_par' dir='ltr' id='par_1_14' title="bbox 226 4345 1485 4500">
     <span class='ocr_line' id='line_1_44' title="bbox 226 4345 1425 4496; baseline 0.006 -86"><span class='ocrx_word' id='word_1_377' title='bbox 226 4432 235 4496; x_wconf 66' lang='lat' dir='ltr'>l</span> <span class='ocrx_word' id='word_1_378' title='bbox 264 4345 298 4425; x_wconf 75' lang='grc' dir='ltr'>β.</span> <span class='ocrx_word' id='word_1_379' title='bbox 323 4345 563 4412; x_wconf 80' lang='lat' dir='ltr'>bihuaoiicmu.</span> <span class='ocrx_word' id='word_1_380' title='bbox 583 4383 623 4396; x_wconf 90' lang='lat'><em>-</em></span> <span class='ocrx_word' id='word_1_381' title='bbox 646 4349 1010 4414; x_wconf 76' lang='lat' dir='ltr'>Areueoso-lloceosum</span> <span class='ocrx_word' id='word_1_382' title='bbox 1035 4364 1214 4414; x_wconf 85' lang='lat' dir='ltr'>canescens</span> <span class='ocrx_word' id='word_1_383' title='bbox 1245 4347 1425 4414; x_wconf 86' lang='lat' dir='ltr'>interdum</span> 
     </span>
     <span class='ocr_line' id='line_1_45' title="bbox 237 4451 395 4500; baseline 0.013 -2"><span class='ocrx_word' id='word_1_384' title='bbox 237 4451 395 4500; x_wconf 75' lang='lat' dir='ltr'>noscens.</span> 
     </span>
    </p>
   </div>
   <div class='ocr_carea' id='block_1_13' title="bbox 258 4533 1497 4613">
    <p class='ocr_par' dir='ltr' id='par_1_15' title="bbox 258 4533 1497 4613">
     <span class='ocr_line' id='line_1_46' title="bbox 258 4533 1497 4613; baseline 0.005 -25"><span class='ocrx_word' id='word_1_385' title='bbox 258 4533 342 4589; x_wconf 76' lang='lat' dir='ltr'>Folia</span> <span class='ocrx_word' id='word_1_386' title='bbox 353 4535 528 4606; x_wconf 80' lang='lat' dir='ltr'>profundius</span> <span class='ocrx_word' id='word_1_387' title='bbox 539 4535 645 4592; x_wconf 79' lang='lat' dir='ltr'>divise.</span> <span class='ocrx_word' id='word_1_388' title='bbox 659 4537 769 4607; x_wconf 84' lang='lat' dir='ltr'>Phyllu</span> <span class='ocrx_word' id='word_1_389' title='bbox 781 4553 810 4590; x_wconf 87' lang='grc' dir='ltr'>ιιι</span> <span class='ocrx_word' id='word_1_390' title='bbox 823 4537 924 4608; x_wconf 81' lang='lat' dir='ltr'>spinos</span> <span class='ocrx_word' id='word_1_391' title='bbox 937 4535 1002 4590; x_wconf 83' lang='lat' dir='ltr'>bosi</span> <span class='ocrx_word' id='word_1_392' title='bbox 1012 4535 1089 4590; x_wconf 82' lang='lat' dir='ltr'>latos</span> <span class='ocrx_word' id='word_1_393' title='bbox 1102 4535 1252 4607; x_wconf 83' lang='lat' dir='ltr'>longiores</span> <span class='ocrx_word' id='word_1_394' title='bbox 1263 4539 1370 4606; x_wconf 83' lang='lat' dir='ltr'>inagis</span> <span class='ocrx_word' id='word_1_395' title='bbox 1382 4554 1436 4594; x_wconf 83' lang='lat' dir='ltr'>see</span> <span class='ocrx_word' id='word_1_396' title='bbox 1458 4566 1463 4581; x_wconf 89' lang='lat'><strong>·</strong></span> <span class='ocrx_word' id='word_1_397' title='bbox 1492 4608 1497 4613; x_wconf 30' lang='grc'>,</span> 
     </span>
    </p>
   </div>
   <div class='ocr_carea' id='block_1_14' title="bbox 0 0 1521 5156">
    <p class='ocr_par' dir='ltr' id='par_1_16' title="bbox 0 0 1521 5156">
     <span class='ocr_line' id='line_1_47' title="bbox 0 0 1521 5156; baseline 0 0"><span class='ocrx_word' id='word_1_398' title='bbox 0 0 1521 5156; x_wconf 95' lang='lat' dir='ltr'> </span> 
     </span>
    </p>
   </div>
  </div>
 </body>
</html>
