3122 5178
41 361 255 436 Hypoclroeris.
599 377 786 422 courosmae.
1281 362 1337 420 785
1409 359 1413 392 ³
1455 410 1508 479 ἰ,

42 487 226 571 plexicanli
256 489 451 569 lanceolam,
485 489 639 572 capitulis
669 487 807 572 magnis,
839 487 1002 556 involucri
1039 487 1177 556 setnlosi
1207 487 1333 574 phyllis
1495 482 1515 565 l„

40 577 208 645 omnibus
233 577 380 661 margine
406 576 556 662 integris,
581 575 726 645 acheriis
751 577 918 668 rugnlosis
944 576 1096 645 omnibus
1119 577 1273 674 rostratis
1301 583 1335 645 et
1423 591 1424 594 ’
1450 569 1505 684 ³3¹4

42 683 159 751 pappo
177 669 331 752 plumoso
350 667 515 751 superatis
541 675 587 744 tt.
604 667 648 734 Ia.
667 665 768 734 Rebb.
789 665 853 732 tab.
871 667 924 732 45.

39 848 179 906 Caucasi
285 849 363 906 6000·
376 848 458 918 (CA.
471 847 563 921 Moy).

78 947 134 1003 Ar.
149 949 257 1018 Gangr-
269 947 390 1020 Europa
403 945 532 1002 borealis
542 949 572 1004 et
583 921 683 1002 media
694 958 712 1001 a
725 943 1086 1018 scandinavia,Hispania
1095 947 1123 1001 ct
1131 943 1217 1002 ltalia
1228 945 1334 1002 mediis

39 1017 83 1075 ad
93 1018 252 1090 Bassiano,
264 1018 374 1074 Sibiria
388 1018 496 1074 omnis.

7 1215 8 1220 ’
89 1219 123 1284 5.
164 1216 215 1284 Η.
247 1214 507 1296 munitiora,
537 1214 717 1300 perennis?
744 1234 849 1296 nana,
876 1215 962 1281 loliis
993 1214 1146 1283 omnibus
1176 1215 1334 1283 rosulatis

39 1305 401 1390 oblongo-lanceolatis
422 1304 580 1388 adpresse
596 1303 747 1388 pilosulis
765 1303 1157 1389 runcinam-pinnatilidis
1177 1303 1251 1371 lobo
1267 1309 1334 1372 ter·

43 1395 164 1462 annali
190 1396 348 1479 longiore,
369 1395 476 1479 scapis
494 1393 651 1462 tenuibus
674 1393 918 1480 monocepbalis
938 1394 1014 1462 lolia
1038 1395 1095 1459 vix
1115 1393 1217 1480 doplo
1236 1412 1335 1479 supe-

42 1483 218 1564 rantibus,
237 1484 388 1568 capilnlis
406 1483 530 1567 parvis,
549 1483 713 1550 involucri
733 1483 854 1568 phyllis
873 1485 986 1568 paucis
1004 1482 1184 1552 imbricatis
1203 1483 1335 1550 lineari·

44 1573 244 1642 lanceolatis
279 1573 404 1642 obtusis
431 1573 709 1656 albo-puberulis
738 1571 874 1658 basique
903 1591 1002 1658 parce
1033 1571 1173 1654 crinitis,
1190 1571 1335 1638 acheriis

42 1661 201 1731 tenuiter
220 1664 387 1748 rugnlosis
408 1661 629 1729 exterioribus
652 1658 748 1746 apice
763 1661 1005 1730 subalternatis
1022 1661 1165 1752 internis
1190 1661 1336 1728 breviter

42 1752 404 1830 attenuato-rostratis,
433 1770 540 1836 pappo
558 1751 703 1818 omnium
727 1750 878 1836 plumoso
911 1759 956 1826 tt.
981 1748 1138 1818 Robertia
1158 1748 1337 1832 matamoro

46 1838 160 1908 Boiss.
181 1841 295 1925 Diagn.
316 1839 387 1906 Ser.
405 1840 433 1921 1,
455 1843 505 1919 ll,
520 1859 551 1924 p.
574 1840 625 1904 et.

43 1950 212 2096 60810ξῖἐὲ
223 1953 343 2094 {egilone
356 1951 516 2024 subalpina
524 1951 675 2025 superiora
688 1952 799 2009 montis
809 1951 993 2010 Hellenoseli
1002 1967 1086 2026 prov.
1099 1953 1232 2026 Sphakia
1241 1953 1336 2010 Cretae

209 2040 271 2080 Ulll
302 2067 307 2078 .

17 2155 21 2160 .
81 2117 202 2176 ronna
217 2120 249 2188 n
262 2107 401 2192 noanon
410 2117 667 2191 rongaaanneas
680 2118 748 2189 ran
761 2120 946 2194 capitaneis
960 2118 1108 2179 nonnae
1125 2121 1335 2180 raraeaeons

45 2191 180 2248 minora.
198 2190 274 2247 Huic
288 2191 388 2262 generi
400 2190 483 2262 prins
497 2189 762 2247 adnumeraveram
776 2191 828 2248 sed
841 2191 880 2248 ab
893 2207 928 2248 eo
940 2191 1086 2248 involucri
1099 2192 1213 2266 phyllis
1231 2193 1335 2250 imbri·

45 2263 124 2318 calis
144 2277 201 2319 nec
216 2261 427 2318 nnisorialibus
445 2265 523 2318 certe
538 2261 643 2318 differt.
663 2261 781 2335 Species
799 2277 837 2318 ex
857 2265 944 2319 unico
961 2263 1123 2336 specimine
1141 2265 1286 2338 descripta
1306 2269 1336 2320 et

45 2331 180 2390 trinarius
194 2333 383 2406 inquirenda.
1129 2353 1132 2362 ·

477 2551 639 2628 senon
659 2553 706 2646 (ι.
726 2551 802 2628 aar.
821 2553 912 2649 aar).

93 2783 286 2868 Capitulum
321 2780 548 2847 multiflorum.
585 2779 795 2846 involucrum
830 2779 1041 2848 imbricatum
1075 2783 1332 2850 subunisericle.

49 2871 309 2957 lleoeptaculum
338 2869 440 2953 paleis
469 2869 600 2935 demum
631 2867 779 2936 deciduis
810 2876 975 2938 onustum.
1005 2869 1151 2937 Achenia
1179 2871 1336 2954 ruguloso

47 2963 186 3030 interna
201 2961 234 3026 in
255 2964 401 3026 rostrum
417 2960 511 3041 longe
522 2961 659 3024 externa
677 2956 825 3024 breviter
842 2961 1018 3028 attenuata.
1036 2959 1170 3044 Pappus
1186 2960 1337 3028 arbenio·

52 3072 131 3120 rom
142 3049 339 3119 centraliom
354 3046 583 3114 sobbiseriolis
595 3045 698 3112 radiis
715 3047 862 3115 externis
879 3047 1083 3116 brevissimis
1099 3049 1336 3133 setiiormibus,

51 3141 197 3208 internis
216 3137 278 3204 sub
298 3139 338 3202 10
358 3135 518 3220 plumosis
538 3133 611 3202 basi
636 3135 959 3220 palenoso-dilatatis,
982 3136 1194 3205 acheniorum
1213 3139 1334 3223 margi·

7 3236 10 3248 '
50 3231 181 3298 vralium
198 3228 319 3311 saepins
338 3226 449 3290 nullus
467 3226 521 3292 vel
542 3225 722 3292 abortivus.
741 3261 784 3273 -
801 3225 929 3293 Herba.
954 3261 1000 3276 -
1025 3225 1138 3294 Genus
1159 3226 1201 3292 ab
1223 3227 1335 3311 pro·

49 3317 199 3386 clericis
218 3333 325 3402 pappo
344 3313 566 3398 panciradiato
586 3314 656 3380 basi
676 3314 810 3382 dilatato
826 3320 955 3384 tantum
972 3315 1174 3383 distinctum.

99 3536 131 3599 l.
161 3529 201 3599 S.
222 3525 486 3596 AEthnensis
510 3525 560 3610 (L.
591 3524 646 3612 Sp.
679 3527 779 3614 1139)
807 3547 928 3614 annua,
958 3530 1110 3598 caulibus
1135 3529 1255 3597 erectis
1284 3531 1338 3597 vel

51 3617 313 3706 ascendentibus
332 3613 488 3681 tenuibus
511 3633 609 3701 parce
633 3621 665 3683 et
685 3616 889 3684 divaricatim
907 3618 1043 3688 turcatis
1060 3619 1171 3686 rarius
1188 3637 1340 3687 monace-

53 3711 163 3794 pbalis
181 3703 304 3791 glabris
321 3705 443 3788 saepius
457 3703 564 3786 hirtis,
576 3705 662 3772 loliis
679 3705 777 3774 birtis
791 3705 990 3775 radicalibus
1002 3707 1160 3776 rosulatis
1177 3712 1273 3776 ovato
1285 3709 1337 3776 vel

53 3793 409 3881 oblongo-spathulatis
429 3794 584 3878 repandis
609 3795 662 3862 vel
683 3793 825 3863 dentatis
850 3795 884 3862 in
909 3797 1068 3881 petiolarn
1094 3797 1231 3865 brevem
1257 3789 1339 3865 alte·

52 3888 178 3969 noetis,
198 3883 335 3951 caulinis
355 3883 732 3966 semiamplexicanlibus
751 3885 873 3969 saepius
891 3887 985 3954 valde
1004 3885 1175 3954 diminutis
1196 3886 1248 3954 vel
1264 3887 1338 3954 nul-

54 3980 119 4057 lis,
151 3972 347 4060 pedunculis
381 3971 487 4054 longis
516 3991 582 4040 aon
611 3973 824 4056 incrassatis,
850 3973 1015 4042 involucri
1046 3975 1115 4043 lere
1148 3975 1338 4043 uniserialis

55 4064 179 4150 pbyllis
202 4064 295 4146 longe
322 4064 355 4126 et
375 4059 485 4143 patule
511 4062 777 4146 setoso-hispidis
803 4061 884 4132 setis
910 4063 982 4131 basi
1006 4063 1196 4132 incrassatis
1225 4071 1274 4144 Θ.
1294 4065 1336 4132 Ic.

53 4152 159 4222 llchb.
186 4151 251 4221 tab.
283 4151 336 4216 dl.
366 4149 699 4217 -F1.Grso.nb.
728 4153 805 4218 815.
834 4187 873 4201 ·-
901 4152 1119 4238 ngocitrora‘a
1145 4153 1341 4220 scrioloideo

57 4243 180 4312 ltertol.
201 4240 291 4307 Mise.
313 4239 354 4315 ll,
372 4240 436 4304 aso
455 4255 495 4304 ex
509 4239 664 4326 descript.

91 4353 172 4411 Hab.
193 4353 224 4406 in
242 4351 355 4424 asparis
373 4355 402 4406 et
417 4349 536 4434 incultis
549 4351 676 4423 regionis
689 4351 840 4436 cabdioris
853 4355 976 4412 Groeciae
999 4359 1028 4412 et
1041 4356 1230 4428 Cycladum,
1244 4356 1339 4413 Cretae

51 4423 309 4568 ffliagalglweissl),
325 4421 461 4493 Byzantia
471 4422 585 4492 (Noui),
598 4423 698 4480 Rbodr
711 4424 863 4498 (Rom-gt),
882 4428 1032 4484 Armeniae
1048 4429 1101 4497 (ex
1120 4429 1213 4485 Anah.
1234 4428 1340 4486 Scbcd.

89 4598 138 4652 Ar.
160 4591 262 4662 iicogr.
283 4589 374 4660 Regio
390 4588 606 4646 Mediterranea
619 4589 710 4648 totius
724 4591 850 4666 Europae
863 4597 892 4650 et
908 4594 1015 4651 Africae
1028 4594 1168 4653 borealis.

1143 4691 1181 4750 50

79 777 165 833 Hab.
180 778 344 906 imponis
356 779 507 834 montanis
519 777 630 834 montis
644 775 940 850 Orbelliblacedoniee
955 775 1108 847 (Griseb.),
1121 777 1152 834 in
1165 777 1335 851 subalpinis
1458 735 1511 876 [ἢ
