3040 5166
227 341 282 397 5¹8
780 363 965 405 courosrrrs.
1359 342 1479 401 :Cara¹

265 463 370 519 Affinis
385 464 414 522 C.
432 465 588 524 hamuloso
606 486 696 542 aquo
718 471 818 526 diiiert
833 471 914 527 toliis
928 471 1026 542 magis
1039 469 1131 538 canis,
1148 466 1277 540 capitulo
1291 465 1397 522 latiore
1412 465 1508 522 aroch-

229 534 435 660 prtgiedppcanm
454 539 570 611 phyllis
589 540 747 598 latioribus
766 543 923 616 abruptius
941 543 971 597 in
989 541 1181 614 appendicem
1199 539 1300 594 minus
1314 543 1430 594 tenuem
1441 549 1498 592 con·

263 702 310 757 Ar.
325 703 426 774 decor.
446 705 551 761 liossia
564 707 697 780 autralis,
710 709 917 766 'turcomania

279 879 327 943 10.
348 879 389 945 c.
407 880 702 950 acanthoides
721 885 768 966 (L.
789 883 843 966 Sp.
863 884 962 969 libo)
980 883 1107 950 viridis.
1125 881 1217 950 caule
1233 879 1346 962 gracili
1364 879 1501 944 flexuoso

230 985 360 1034 ramoso
383 969 444 1034 alis
471 973 620 1052 angustis
645 973 680 1036 in
707 973 833 1041 lobulos
858 976 975 1042 crebre
994 980 1027 1040 et
1045 973 1192 1040 tenuiter
1211 969 1367 1053 spinosos
1388 966 1511 1050 partitis

229 1057 422 1140 marginum,
442 1059 528 1124 lbiiis
551 1061 675 1143 glabris
700 1064 753 1128 vel
773 1065 891 1130 subtus
918 1064 955 1128 ad
984 1080 1104 1128 nervos
1125 1059 1276 1144 pilosulis
1294 1058 1327 1122 in
1348 1059 1502 1139 segnem

229 1152 324 1211 ovata
361 1149 681 1229 triangulari-lebate
716 1153 862 1217 tenuiter
896 1144 1216 1234 spinosa'sinuatim
1248 1145 1502 1230 pinnatipartitis,

229 1235 382 1317 capitulis
395 1237 614 1304 mediocribus
628 1241 845 1306 subrotnndis
857 1241 1014 1306 solitariis
1025 1239 1222 1325 pedunculis
1235 1236 1392 1319 crispatis
1405 1233 1503 1316 spinu-

229 1323 310 1389 losis
324 1325 480 1405 sufficitis,
495 1327 656 1394 involucri
670 1330 881 1412 glabriusculi
897 1330 1017 1414 phyllis
1030 1349 1047 1394 a
1062 1329 1130 1394 basi
1143 1327 1322 1394 sublatiorc
1334 1323 1504 1395 linearibus

231 1412 579 1483 subulam-attenuatis
595 1420 843 1504 erecto-patulis
863 1422 972 1486 rarius
989 1417 1244 1503 subsquarrosis
1261 1413 1422 1479 flosculos
1439 1431 1456 1494 p
1493 1429 1494 1434 ’

230 1519 353 1582 parcos
368 1522 431 1569 non
449 1506 658 1590 aequantibus
670 1509 721 1591 (ὓ.
735 1507 778 1572 Ic.
792 1507 881 1590 l'aeq.
896 1507 1010 1574 Austr.
1029 1507 1103 1571 ace.
1119 1543 1157 1553 -
1171 1505 1273 1570 Rchb.
1290 1503 1357 1567 tab.
1378 1501 1448 1566 itt.

266 1612 342 1669 Hab.
357 1617 386 1670 in
399 1618 544 1673 montosis
564 1619 681 1674 Taurino
695 1619 809 1688 (Sicu),
829 1621 857 1674 in
879 1617 967 1674 cultis
988 1617 1199 1689 Dagheslaniae
1219 1614 1345 1671 Caucasi
1364 1611 1447 1668 orien
1463 1633 1467 1657 ε
1505 1625 1510 1647 ³³

230 1697 320 1756 supra
334 1685 460 1744 Buchilo
475 1689 648 1746 enoc-mou
666 1691 797 1762 lRuprt).

274 1784 308 1866 β.
330 1785 516 1854 Thessalus.
538 1825 571 1835 -
588 1787 736 1872 Capitula
766 1788 902 1854 brevius
927 1788 1146 1872 pedunculata
1165 1784 1399 1851 numerosiora
1418 1777 1509 1846 ma*

232 1878 480 1956 approximata,
509 1879 620 1962 planta
643 1878 809 1944 interdum
833 1897 1011 1945 canescens
1047 1914 1085 1926 -
1110 1875 1141 1942 0.
1167 1871 1424 1956 ortopordioides
1451 1884 1501 1928 ,w

231 1959 411 2030 Scor-dicus
426 1965 555 2032 Griseb.
580 1967 664 2051 Spic.
684 1967 725 2050 lt,
743 1988 774 2051 p.
798 1969 876 2034 cte!

267 2073 337 2129 Hab
358 2076 485 2148 inparia
500 2078 628 2134 inferiori
644 2078 766 2152 Olympi
778 2079 917 2136 Thessali
930 2094 1022 2152 prope
1032 2077 1173 2134 Katarine
1184 2075 1320 2147 (Heldrtl
1332 2073 1452 2144 (Planta
1479 2094 1482 2115 ι
1497 2072 1506 2105 ⁵

212 2167 215 2174 ⁴
231 2143 287 2200 hoc
299 2147 420 2214 nomine
436 2149 465 2202 in
475 2147 609 2221 OrphPl
625 2150 720 2206 Graec.
734 2166 795 2206 exs.
805 2151 859 2206 795
871 2167 908 2206 ex
922 2149 1025 2206 eodern
1036 2149 1102 2205 loco
1114 2153 1158 2205 esi
1169 2149 1263 2204 lorma
1276 2161 1347 2201 curn
1364 2143 1442 2200 Gau
1457 2166 1464 2191 r

230 2213 382 2288 hybrida),
399 2219 429 2272 in
448 2221 568 2288 regione
587 2223 732 2292 superiori
746 2224 855 2277 montis
874 2222 984 2294 Delphi
1007 2221 1117 2275 Eubeae
1130 2218 1274 2290 (Heldrt),
1291 2215 1464 2272 Macedonia
1497 2233 1508 2255 α

229 2291 329 2342 monte
343 2288 480 2345 Peristeri
496 2292 643 2362 [Grisehh
658 2293 767 2365 Orphl)

263 2383 310 2438 Ar.
325 2383 425 2452 decor.
445 2385 564 2458 Europa
585 2390 648 2443 tota
667 2404 684 2443 a
707 2388 906 2445 Scandinavid
924 2386 1113 2443 meridionali
1132 2386 1170 2442 ad
1189 2383 1329 2440 Rosciam
1349 2382 1473 2438 mediam
1489 2418 1491 2421 ψ

228 2453 401 2526 australem,
415 2456 594 2529 Hispaniam
608 2459 897 2529 borealem‚'lialiam
917 2459 1054 2524 mediam,
1068 2457 1261 2513 Dalmatiam.

278 2644 329 2708 ll.
348 2642 388 2711 C.
411 2643 673 2730 Olympicus
691 2645 813 2731 lBoiss.
839 2646 954 2728 Diagn.
982 2644 1053 2710 Ser.
1081 2643 1123 2726 ΙΙ,
1148 2645 1179 2724 3,
1200 2663 1229 2726 p.
1255 2642 1314 2726 43)
1331 2639 1489 2740 muttire·

229 2733 379 2799 caulibus
405 2735 660 2801 ascendentibus
686 2753 829 2819 superne
855 2735 1086 2818 oligocephalis
1112 2733 1208 2797 alatis
1228 2733 1289 2798 alis
1313 2729 1488 2812 angustis¹

230 2821 322 2888 lobos
351 2824 572 2906 triangulares
591 2824 624 2888 in
645 2825 756 2909 spinas
784 2823 1050 2908 subaquilongas
1070 2822 1231 2887 abeuntes
1260 2821 1406 2903 partitis,
1432 2815 1494 2883 iol

229 2929 328 2994 parce
351 2912 577 2977 arachnoideis
599 2914 648 2978 vel
676 2913 958 2994 glabreseentibus
984 2909 1365 2978 lanceolam-linearibus
1390 2909 1424 2972 in
1468 2932 1498 2959 ν

229 3005 340 3066 menta
358 3002 660 3084 triangulari-ovata
679 3002 859 3067 ⁰2-3-lobata
873 3001 965 3084 apice
985 3002 1118 3084 spinosa
1138 2997 1413 3082 pinnatipartitis.
1431 3011 1482 3076 cap
1503 3020 1507 3025 ·

229 3089 310 3154 tulis
329 3090 560 3154 terminalibus
578 3091 772 3172 pedunculis
791 3092 880 3156 canis
899 3089 997 3155 nndis
1017 3091 1065 3155 eis
1089 3089 1283 3170 aequilongis
1308 3088 1361 3151 vel
1390 3082 1486 3150 uren

231 3175 324 3242 ribus
342 3178 486 3243 suiinltis
508 3179 727 3246 mediocribus
742 3179 969 3254 subroinndis‚
985 3179 1145 3244 involucri
1163 3175 1383 3258 glabriusculi
1402 3169 1492 3256 phyl

114 3269 125 3284 “’
229 3265 607 3333 lanceolam-linearibus
629 3285 730 3332 nervo
748 3269 854 3332 medio
871 3268 979 3334 valido
1000 3266 1170 3350 percursis
1187 3265 1361 3347 adpressis
1379 3264 1419 3327 ab
1438 3259 1495 3327 ini

231 3353 378 3421 rioribus
395 3355 553 3420 brevibus
574 3361 607 3422 ct
626 3355 831 3422 intermediis
850 3357 882 3420 in
909 3355 1036 3439 spinam
1051 3354 1281 3421 brevissimam
1299 3352 1360 3419 sed
1380 3349 1482 3417 valid

230 3441 430 3509 abeuntibus
445 3443 485 3507 ad
503 3444 617 3510 intima
634 3445 775 3510 scariosa
794 3445 940 3511 flosculis
959 3445 1140 3529 purpureis
1159 3442 1314 3509 breviora
1335 3440 1483 3512 aucliso

171 3591 173 3598 ι
267 3552 346 3608 Hab.
360 3553 390 3607 in
404 3553 523 3623 regione
534 3554 679 3626 superiori
689 3553 778 3625 Olym
803 3556 811 3608 i
824 3554 946 3626 Bithyni
963 3555 1013 3610 ubi
1026 3553 1180 3625 gregarius
1191 3551 1299 3620 (Auch.
1309 3550 1398 3608 sss-21
1412 3548 1460 3604 Boi
1473 3570 1482 3593 ε

232 3637 319 3679 mons
340 3623 499 3679 Boudroun
521 3625 638 3680 Pisidica
650 3625 730 3682 5000'
750 3628 761 3694 i
794 3625 865 3681 eldr.
886 3643 948 3681 eas.
968 3627 1025 3680 sub
1037 3625 1065 3682 C.
1077 3624 1274 3692 candebantit,
1288 3637 1379 3678 mons
1394 3623 1506 3690 Arga¹

231 3693 429 3767 Cappadociae
445 3694 538 3763 (salu
552 3697 647 3751 forma
660 3695 773 3768 phyllis
788 3697 890 3752 minus
901 3697 1061 3770 adpressis.

268 3789 355 3844 Facie
366 3791 464 3844 affinis
473 3789 501 3846 C.
513 3791 687 3848 acaniboidi
695 3809 712 3846 a
726 3807 786 3864 quo
799 3792 899 3848 differt
908 3793 1083 3866 pedunculis
1093 3793 1176 3849 canis
1187 3791 1285 3855 nudis,
1297 3791 1396 3874 spinis
1406 3788 1445 3845 al
1466 3810 1475 3829 ‘³
1490 3816 1491 3823 κ

231 3863 262 3916 et
274 3860 413 3915 loliorum
427 3861 624 3918 validioribus
634 3864 804 3928 rarioribus,
816 3863 929 3936 phyllis
943 3867 974 3920 in
987 3866 1106 3937 spinam
1120 3864 1243 3919 brevem
1257 3862 1396 3917 relidam
1410 3859 1479 3916 aben
1488 3882 1500 3913 c

232 3931 314 3986 tibus
328 3946 381 3986 nec
393 3932 482 4002 longe
496 3935 821 4004 attenuato-cubuistis;
835 3935 891 3991 hoc
903 3937 969 4018 ipso
983 3937 1151 3992 charactere
1164 3933 1292 3990 discedit
1307 3949 1326 3988 a
1339 3931 1372 3989 C.
1385 3929 1470 3988 carl*
1482 3958 1484 3971 v

230 4000 407 4126 fultiolbam.
422 4004 473 4074 qui
488 4003 561 4058 facie
573 4009 602 4060 et
616 4006 754 4077 capitulis
769 4007 876 4062 similis
895 4007 994 4062 differt
1012 4007 1126 4079 phyllis
1144 4007 1233 4076 longe
1250 4003 1433 4060 acuminatis
1450 4017 1464 4056 s
1489 4030 1505 4057 ἰ

233 4087 272 4144 pa
288 4089 304 4126 u
319 4087 353 4126 rs.

285 4247 335 4308 lt.
352 4244 393 4311 G.
415 4243 665 4330 adpressus
690 4249 782 4332 (CA.
806 4250 888 4334 Mey.
912 4250 1030 4317 Enum.
1055 4249 1099 4315 N⁰
1126 4251 1191 4315 590
1215 4254 1248 4315 ei
1273 4247 1402 4332 herbl]
1426 4265 1462 4331 pa
1485 4282 1498 4331 ³.

236 4349 589 4400 araneoso-canescens
621 4339 672 4401 vel
704 4338 884 4422 glabellus
915 4341 1007 4405 caule
1036 4339 1149 4422 gracili
1174 4357 1272 4422 parce
1303 4355 1434 4404 ramoso
1459 4353 1485 4398 a=
1503 4356 1508 4399 J

236 4420 386 4501 angustis
404 4422 436 4487 in
455 4423 582 4488 lobulos
600 4425 752 4490 minimos
770 4427 965 4494 brevissime
979 4427 1169 4511 spinnlosos
1184 4427 1314 4511 partilis
1329 4427 1472 4508 margins

236 4507 323 4574 loliis
341 4507 489 4593 oblongis
507 4511 540 4576 in
559 4519 728 4594 segmenta
745 4535 922 4582 numerosa
939 4517 1077 4600 oblonga
1096 4517 1259 4600 profunde
1273 4514 1382 4582 lobata
1399 4515 1481 4580 mim
1499 4550 1504 4561 r
