3240 5188
29 399 30 426 2
97 359 260 414 manure.
633 367 819 408 courosrrm.
1314 356 1370 414 eor

129 479 226 534 Variat
246 477 422 550 capitulorm
445 475 661 547 magnitudine,
683 473 823 530 foliorum
836 474 952 530 laciniis
976 475 1118 531 brevibus
1141 475 1307 533 latiusculis
1320 478 1369 534 vel

27 547 28 614 1
100 549 276 606 tenuioribus
301 548 497 618 longioribus.
523 547 596 602 Pace
612 545 647 602 cl.
669 545 736 601 Sch.
758 545 822 618 Bip.
846 547 898 616 qui
920 545 997 601 hanc
1018 548 1146 618 speciem
1163 547 1313 605 Tonaccto
1331 549 1371 605 bb

27 633 29 664 1
97 622 277 678 aotbemrum
291 619 486 692 appendicem
499 617 663 688 oblongam
677 633 730 673 nec
740 616 1096 673 lanceolam-subulatam
1110 618 1286 676 adnumerat
1304 637 1371 676 eam

98 693 131 749 ab
142 688 305 748 Artemisid
324 690 363 746 ob
376 689 491 759 stylum
503 689 524 744 ss
544 689 611 744 lem.
625 689 714 758 longe
727 691 878 744 exsertum
891 689 1073 759 acheniaque
1092 691 1366 762 oboram-oblonga

97 764 196 820 obtusa
207 763 295 818 calva
308 777 369 817 non
383 761 487 816 striata
501 761 675 832 neutIquam
689 759 905 830 seJungendam
916 775 980 815 esse
994 765 1129 816 autumo.

316 955 331 983 ·
350 954 365 984 '
385 955 523 1028 Capitula
537 953 710 1027 paniculata
723 954 772 1010 vel
785 953 1129 1026 periculam-racemosa

617 1081 649 1144 4
686 1075 843 1131 Perennes.

24 1263 25 1288 ³
140 1230 187 1294 19.
212 1227 260 1294 Α.
287 1225 528 1294 nustrraca
552 1224 656 1311 (Jacq.
678 1225 725 1292 ΙΙ.
743 1225 856 1291 Austr.
876 1225 901 1308 Ι,
916 1247 947 1310 p.
967 1227 1020 1309 61,
1037 1227 1099 1292 tab.
1122 1229 1198 1316 100)
1215 1231 1374 1316 adpresse

98 1322 373 1384 tomentum-cana
391 1313 462 1380 basi
481 1315 729 1392 suisrutescens‚
749 1313 897 1383 cautibus
915 1316 1168 1385 ascendentibus
1185 1320 1237 1386 vel
1255 1325 1373 1391 erectis

98 1406 328 1489 inponiculam
343 1405 457 1470 stricte
475 1410 509 1468 et
524 1408 661 1486 anguste
677 1402 915 1486 pyramidatarn
934 1404 1145 1471 densilloram
1165 1408 1373 1489 abeuntibus,

98 1495 177 1561 loliis
204 1493 417 1561 surculorum
444 1493 608 1577 petiolatis
636 1491 761 1556 ambitu
786 1491 977 1559 orbiculatis
1004 1493 1038 1560 in
1070 1495 1204 1564 lacinias
1233 1498 1375 1568 lineares

98 1590 206 1650 acutas
224 1583 458 1667 subpelmaiim
478 1580 738 1664 bipinnaliseotis
756 1579 797 1646 ad
815 1582 927 1664 petioli
947 1581 1039 1649 basin
1057 1585 1260 1669 auriculetiS,
1276 1591 1376 1656 cauli-

99 1672 147 1738 nis
174 1671 412 1739 subsessilibus
437 1669 662 1752 subdigitatim
690 1669 832 1753 partitis,
861 1669 1031 1738 floralibus
1061 1676 1199 1743 summis
1227 1677 1376 1761 integris,

97 1761 246 1846 capitulis
278 1760 600 1843 subglobosoovatis
626 1758 965 1825 hirsuto-tomentosis
995 1763 1254 1832 subnotantibus
1279 1785 1375 1834 secus

98 1850 256 1934 peniculae
281 1867 392 1915 ramos
415 1850 535 1914 breves
562 1847 717 1914 consertis
744 1848 867 1930 parvis,
893 1849 1056 1917 involucri
1083 1852 1207 1936 phyllis
1229 1859 1376 1924 externis

98 1937 474 2007 lanceolam-linearibus
491 1937 660 2002 herbaceis
681 1935 955 2003 subbrevioribus
971 1942 1099 2005 caeteris
1116 1941 1263 2026 oblongis
1282 1946 1376 2012 obtu-

99 2028 142 2094 sis
157 2029 223 2094 late
242 2027 409 2108 scariosis,
424 2025 571 2093 flosculis
591 2026 790 2092 tomentellis
809 2034 838 2099 5.
859 2061 899 2072 -
916 2025 954 2092 A.
976 2045 1094 2110 repens
1112 2030 1190 2098 Pali.
1211 2035 1246 2100 in
1262 2035 1374 2101 Wiltd.

100 2115 150 2199 Sp.
169 2117 228 2198 ΙΙΙ,
247 2136 280 2200 p.
304 2117 398 2181 luto,
418 2152 458 2162 -
478 2116 517 2180 A.
536 2113 714 2179 orientatis
731 2113 782 2178 W.
803 2114 861 2180 loc.
878 2115 930 2182 eit.
951 2135 980 2198 p.
1003 2119 1096 2184 1886.

131 2226 206 2282 Hab.
222 2227 256 2282 in
269 2225 355 2280 siccis
368 2225 516 2281 Armeniae
532 2225 663 2306 Turcicoe
676 2223 714 2278 ad
727 2223 839 2280 Baibut
850 2224 1000 2298 (Bourgi)‚
1015 2231 1044 2283 ot
1056 2229 1195 2287 Erzerum
1210 2234 1334 2306 (Calvi),
1347 2237 1377 2293 in

101 2313 178 2370 prov.
191 2297 300 2354 Muscb
315 2296 383 2367 (Ky.
396 2297 447 2353 321
459 2299 491 2365 1),
505 2297 655 2352 Armeniae
668 2293 797 2351 Rossicae
811 2295 938 2366 (Suom),
953 2299 1070 2354 Tauria
1085 2300 1201 2372 (Steth,
1215 2305 1340 2364 Caucasi
1350 2315 1379 2365 et

20 2403 21 2430 i
100 2385 178 2494 prov.
204 2369 526 2424 Transoaucasicarum
552 2365 644 2433 (ΜΒΙ
669 2364 812 2437 llobent),
838 2367 950 2424 ditione
975 2369 1107 2442 Talysch
1132 2373 1253 2447 (Hohl),
1280 2379 1380 2436 Persia

20 2453 21 2456 ’
118 2439 207 2496 oreali
222 2440 376 2509 (Bubset).
390 2439 432 2495 Fl.
448 2437 505 2494 lul.
524 2441 598 2508 hug.

131 2535 176 2591 tr.
194 2535 300 2606 deogr.
321 2533 449 2602 dustria,
465 2534 545 2614 regio
569 2531 756 2601 Danubialis,
774 2532 881 2588 Rossia
893 2534 993 2590 media
1014 2542 1043 2593 et
1060 2538 1214 2611 australis,
1226 2541 1380 2616 Sougaria,

98 2605 201 2662 bibiria
215 2605 370 2661 Uraleusis
385 2607 415 2660 et
426 2603 552 2660 Altaica.

142 2791 194 2857 ao.
219 2789 271 2856 A,
292 2787 726 2856 Turczauinowiana
749 2787 886 2873 (Besser
903 2791 1018 2858 Abroi.
1039 2813 1070 2876 p.
1092 2797 1144 2873 13,
1162 2799 1226 2864 tab.
1245 2801 1279 2886 Ι)
1297 2807 1379 2872 seri.

19 2915 20 2962 p
100 2897 251 2947 ceo-cana
290 2879 358 2945 basi
393 2877 606 2943 suilruticosa
635 2877 811 2946 dumnlosa
839 2879 940 2945 remis
978 2884 1097 2949 erectis
1131 2883 1166 2950 in
1193 2891 1378 2970 penicniam

19 2993 20 2996 ¹
101 2968 366 3050 arigustissimam
383 2983 585 3032 racemosam
601 2966 810 3047 abeuntibus,
830 2968 916 3034 foliis
936 2969 1059 3038 ambitu
1076 2977 1379 3048 ovetoorhiculatis

103 3057 220 3140 petiole
238 3054 334 3122 brevi
346 3055 418 3121 basi
434 3054 615 3120 auriculato
627 3055 772 3121 suffultis
786 3057 822 3122 in
838 3056 972 3124 lacinias
986 3059 1127 3128 lineares
1146 3063 1216 3129 bosi
1233 3073 1381 3138 attenua-

102 3152 148 3212 tas
168 3144 434 3229 bipimmtisectis
453 3143 684 3226 superioribus
708 3143 946 3212 subsessilibus
962 3149 1101 3216 sommis
1126 3152 1274 3238 integris,
1294 3162 1380 3243 cepi·

103 3233 177 3301 tulis
195 3232 419 3298 mediocribus
435 3233 476 3298 ad
494 3251 602 3298 ramos
621 3229 837 3301 brevissimos
855 3235 987 3302 strictos
1012 3241 1134 3306 racemi
1153 3243 1309 3313 solitariis
1328 3252 1380 3316 vel

102 3322 213 3406 paucis
247 3322 394 3388 breviter
427 3319 629 3405 pedicellatis
651 3320 835 3402 sessilibus‚
860 3323 1023 3390 involucri
1054 3331 1236 3398 tomentelli
1261 3337 1382 3421 phyllis

102 3412 249 3478 externis
268 3407 628 3491 triangulari-oblongis
644 3409 814 3477 herbaceis
833 3413 959 3479 caeteris
975 3415 1286 3504 obovato-elliptiois
1297 3445 1384 3494 mar-

101 3501 173 3582 gine
192 3500 365 3566 subiecere
383 3498 549 3580 scuriosis,
567 3499 713 3565 llosculis
729 3499 779 3583 (in
795 3505 910 3568 nostri
928 3503 1052 3586 plante)
1069 3506 1183 3591 pilosis
1202 3521 1248 3586 14.

101 3610 267 3751 (ΓΙΙῖΪΙῖόὶη
291 3609 420 3666 collibus
447 3609 539 3664 aridis
565 3607 734 3680 Affghaniae
762 3625 854 3682 prope
880 3610 977 3668 Kalou
1002 3615 1172 3676 inferiorem
1196 3627 1225 3677 et
1249 3625 1385 3683 Akrobat

126 3700 167 3738 rl'l
234 3724 240 3735 .

135 3778 245 3860 Planta
255 3783 356 3859 nostra
365 3775 582 3858 speciminibus
593 3775 762 3846 Songariois
773 3777 885 3858 similis
896 3795 914 3833 a
926 3777 1059 3862 dibiricis
1073 3785 1203 3843 flosculis
1217 3791 1322 3862 pilosis
1331 3810 1384 3851 nec

104 3849 217 3919 glabris
237 3848 341 3903 diflert.
366 3849 483 3918 Species
504 3847 601 3901 affinis
618 3847 655 3902 A.
669 3847 841 3905 Austrrocoe
862 3850 915 3905 sed
932 3852 1045 3909 1nlerne
1069 3859 1165 3928 magis
1189 3861 1384 3934 subrubeum,

103 3919 220 4002 laciniae
233 3919 372 4001 loliorum
384 3918 536 4000 pauciores
549 3917 854 3992 stlatiorespeuicula
864 3923 1019 3993 angustior
1031 3926 1244 4004 oligocephala,
1254 3937 1384 4009 capitula

104 3991 257 4046 evidenter
269 4005 383 4060 menore
395 3987 582 4061 pedrcelleta.

151 4177 204 4241 21.
229 4175 278 4243 A.
297 4173 484 4242 Pontica
500 4173 513 4257 t
523 4173 558 4236 L.
589 4173 644 4258 Sp.
668 4177 768 4259 1187)
788 4177 938 4245 caulibus
955 4181 1124 4251 herboreis
1144 4188 1280 4270 virgatis
1296 4211 1385 4262 erec-

108 4267 148 4331 tis
164 4265 267 4330 dense
285 4263 411 4329 foliosis
429 4262 463 4326 in
481 4263 664 4346 paniculum
680 4265 826 4331 strictam
844 4265 1055 4336 densilloram
1075 4274 1283 4360 abeuntibus
1301 4281 1387 4350 loliis

107 4371 210 4436 supra
226 4350 507 4435 glabrescentibm¹
530 4351 648 4418 subtus
674 4354 763 4419 canis
789 4356 912 4422 ambito
940 4357 1089 4439 oblongis
1106 4361 1175 4432 basi
1195 4369 1387 4440 euriculetis

108 4443 142 4508 in
160 4441 294 4508 lacinias
314 4440 457 4507 tenuiter
476 4445 508 4506 et
524 4440 671 4507 breviter
688 4442 829 4510 lineares
847 4446 1009 4513 confertas
1029 4451 1386 4540 divergentesanguste

109 4532 324 4597 decurrentes
340 4528 602 4614 bipinnrtisectis
623 4531 852 4614 superioribus
865 4535 1047 4620 sessilibus‚
1055 4539 1224 4614 floralibus
1238 4547 1388 4633 integris,
