3176 5186
6 327 8 376 ἶ
46 356 196 414 Antiensis.
579 369 766 412 ccurosrrm.
1260 347 1314 403 299

5 467 7 546 l
76 477 148 534 Hab.
160 478 188 533 in
201 479 319 536 deserto
331 478 648 552 AEgyptiaoo·Arahico
657 478 734 533 inter
747 476 891 532 Kahiram
902 478 931 531 et
945 475 981 530 iil
995 474 1110 546 Arysch
1126 473 1222 545 (Kyl).

75 572 175 628 Planta
187 574 239 628 vix
256 574 455 647 semipedalis,
476 573 548 630 folia
562 574 610 630 ic
621 573 674 629 liu.
692 573 783 643 longa
796 571 954 627 dimidiam
969 570 1080 625 lineam
1101 570 1170 638 lata,
1188 567 1313 624 achenia

46 643 90 697 rix
103 644 255 701 dimidiam
268 645 380 700 lineam
402 647 502 716 longa.
516 645 632 716 Species
645 643 724 700 loliis
738 643 873 713 angustis
886 646 915 698 et
930 641 1061 697 achaniis
1074 642 1156 712 apice
1170 639 1311 696 rotunda-

5 715 7 778 Ι
46 715 77 768 tis
87 715 216 786 insignia,
230 717 278 772 his
292 719 370 772 notis
384 717 420 774 ad
433 716 622 773 Ormeaidem
635 715 775 772 accedens
788 715 840 770 sed
853 713 968 770 flosculi
981 712 1054 768 disci
1067 713 1097 766 in
1112 711 1209 767 calcar
1224 710 1313 766 ache-

5 815 6 828 ι
46 785 118 840 nium
133 787 316 858 amplectens
326 803 387 843 non
397 788 532 860 producti
542 790 571 843 et
581 786 694 844 achenii
709 791 798 842 costae
812 783 1046 857 aequidistautes

186 992 201 1022 *
221 993 237 1020 *
257 993 391 1051 Achenia
405 995 488 1068 apice
501 996 636 1050 truncata
648 992 735 1048 calva
747 991 796 1048 vel
808 990 943 1062 margine
957 988 1041 1045 brevi
1054 988 1160 1044 obsita.

524 1144 556 1206 -Ι-
594 1138 708 1209 Ligulua
722 1136 824 1192 nullae.

3 1297 5 1366 l
80 1290 129 1354 ll.
152 1289 196 1356 A.
223 1289 401 1356 Cretica
424 1289 475 1374 (L.
496 1289 550 1373 Sp.
581 1290 664 1354 1258
687 1288 750 1376 sub
774 1285 955 1370 Anocgclc]
982 1286 1312 1372 pubescenti-villosa

3 1367 5 1452 l
42 1377 85 1442 rel
103 1379 337 1460 glabriuscula,
357 1379 504 1446 caulibus
523 1379 618 1445 tranis
635 1397 653 1444 e
668 1377 750 1444 collo
767 1377 889 1460 sapius
916 1376 1070 1460 pluribus
1089 1377 1159 1441 lere
1179 1393 1311 1459 semper

40 1465 234 1549 simplicibus
268 1468 319 1532 vel
353 1469 492 1534 ramosis
519 1467 649 1533 diffusis
677 1467 797 1532 crassis
825 1465 955 1531 tandem
986 1465 1100 1546 rigidis
1129 1465 1252 1530 foliosis
1276 1464 1311 1529 in

38 1554 251 1638 pedunculum
280 1575 431 1623 crassum
451 1558 583 1622 demum
608 1560 738 1622 auctum
758 1561 884 1620 rectum
910 1555 960 1619 vel
982 1554 1157 1620 incurvum
1187 1554 1310 1618 abeun-

39 1643 129 1724 tibuS,
148 1646 233 1712 ioliis
259 1646 426 1728 petiolatis
446 1645 570 1712 ambitu
587 1643 734 1722 oblongis
752 1643 977 1727 pinnatisectis
1000 1641 1179 1724 segmentis
1201 1642 1311 1707 brevi·

38 1732 92 1800 bus
117 1735 274 1818 utrinque
304 1735 360 1800 bt
386 1734 537 1801 indivisis
557 1735 674 1800 lo'batis
700 1733 752 1798 vel
771 1733 892 1814 smpius
918 1733 953 1796 in
981 1731 1037 1796 8-ti
1056 1731 1147 1796 lobos
1165 1731 1310 1798 minutos

37 1821 185 1905 oblongos
212 1827 329 1890 acutos
346 1823 398 1889 vel
417 1823 637 1890 acutiusculos
658 1822 798 1906 partitis,
818 1821 968 1904 capitulis
993 1820 1108 1904 parvis
1125 1819 1311 1900 discoideis,

38 1911 190 1978 involucri
206 1913 334 1996 phyllis
354 1912 521 1994 adpressis
541 1911 729 1978 lanceolatis
747 1911 816 1976 basi
837 1910 992 1977 coriaceis
1018 1909 1108 1991 apice
1126 1909 1312 1991 praesertim

36 2000 156 2084 pilosis,
171 2001 375 2085 receptaculi
392 2002 479 2066 ovati
494 2001 595 2083 paleis
616 1999 951 2084 oblongo-linearibus
969 1999 1059 2082 apice
1075 1997 1217 2063 erosulis
1237 1997 1312 2062 bre·

38 2089 114 2154 riter
128 2095 161 2156 cl
175 2092 321 2172 abrupte
338 2091 548 2172 mucronatis,
565 2088 708 2156 acheniis
726 2089 980 2172 persistentibus
999 2087 1172 2154 turbinatis
1187 2085 1310 2154 strictis

37 2175 164 2246 laribus
176 2181 271 2264 apice
283 2178 445 2245 truncatis
458 2179 604 2260 margine
617 2177 813 2244 brevissimo
829 2184 923 2243 acuto
938 2177 1059 2259 saepius
1072 2175 1240 2240 dimidiato
1260 2181 1310 2253 Θ.

39 2264 74 2330 lc.
92 2267 176 2334 [lesi.
197 2269 274 2335 Gor.
297 2267 361 2333 tab.
383 2268 435 2331 al.
451 2303 492 2315 -
513 2266 687 2333 Suulolinc
704 2265 929 2331 ontleemoidea
949 2266 983 2330 L.
1001 2265 1057 2346 Sp.
1080 2267 1174 2329 1180.
1191 2264 1237 2328 Fl.
1253 2262 1309 2328 Gr.

37 2353 94 2419 tab.
113 2359 177 2421 854
201 2357 328 2440 (torma
348 2357 454 2420 minor
470 2357 647 2440 segmentis
670 2355 822 2422 foliorum
841 2355 951 2420 minus
968 2352 1109 2438 divisis).
1142 2390 1180 2399 -
1214 2352 1308 2418 Sunt.

37 2441 136 2523 rigido
153 2446 199 2512 ΙΙΙ.
214 2444 274 2510 Gr.
296 2445 351 2512 tab
379 2446 451 2511 853.
467 2481 507 2490 -
524 2445 636 2510 Cotulu
648 2442 889 2524 abrotonisolta
902 2443 1014 2509 Willd.
1027 2442 1081 2526 Sp.
1102 2441 1156 2522 ΙΙΙ,
1168 2462 1198 2524 p.
1213 2443 1310 2506 aior.

1 2555 2 2578 2
38 2569 75 2577 —
87 2533 273 2612 busticetis
282 2533 413 2614 pusillo
425 2531 514 2599 Cass.
531 2532 741 2616 ethelgida
757 2540 790 2597 et
806 2533 841 2596 b.
859 2530 1102 2612 obrutunisclio
1119 2550 1179 2597 nc.
1193 2531 1309 2596 Prodr.

1 2623 2 2638 ¹
40 2619 87 2700 ΙΙ,
109 2641 136 2704 p.
157 2625 206 2689 ld.
227 2659 273 2669 -
296 2619 416 2686 Cotulo
433 2621 558 2688 Cretico
576 2621 714 2685 minima
731 2619 876 2702 capitolo
892 2621 1015 2702 inflexo
1033 2621 1155 2687 Tourn.
1171 2619 1243 2684 Cor.
1259 2620 1310 2683 ti.

39 2745 75 2754 —
91 2710 265 2776 Arithemis
290 2709 481 2792 Anccyclua
505 2710 535 2775 J.
556 2709 626 2795 Gay
651 2711 737 2775 ined.
760 2711 794 2775 in
812 2709 881 2775 Bal.
902 2727 970 2776 exs.
989 2745 1032 2759 -
1050 2709 1149 2774 Arelli.
1171 2706 1312 2773 llrciltei

40 2797 123 2879 Nym.
140 2800 222 2882 Syll.
243 2803 274 2864 7.

69 2907 137 2964 Hab.
157 2911 188 2966 in
207 2911 300 2968 Creta
325 2909 531 2980 vulgatissima
552 2910 591 2966 ab
615 2909 712 2965 arenis
734 2910 892 2966 maritimis
915 2910 953 2965 ad
976 2908 1055 2966 ctio‘
1083 2909 1179 2978 [Siebl
1207 2908 1312 2963 Haldrl

37 2978 136 3050 Raulil,
149 2982 181 3036 in
194 2981 316 3037 Boectid
329 2985 359 3036 et
370 2983 401 3036 in
414 2980 509 3036 vineis
522 2982 597 3037 circa
611 2980 788 3050 Byzantium
800 2980 918 3048 (Simu,
935 2981 1031 3048 Nosti,
1045 2980 1074 3034 in
1089 2981 1186 3036 arenis
1199 2978 1312 3034 mariti·

1 3101 2 3108 ,
38 3052 87 3106 mis
100 3055 237 3108 omnium
252 3051 419 3122 Cycladum
434 3051 520 3119 (Urvi
535 3051 633 3106 Boiss!
647 3051 738 3123 Orph.
752 3051 795 3105 Fl.
809 3051 860 3107 Gr.
875 3052 941 3107 2911
956 3057 984 3106 et
998 3051 1098 3106 Heldr.
1111 3051 1199 3106 Herb.
1211 3051 1312 3106 Norm.

1 3133 2 3194 ζ
36 3119 117 3244 ῗῖἷᾘ),
131 3125 274 3194 Smyrnae
290 3122 369 3192 (Bal.
383 3123 454 3192 261),
468 3121 564 3178 Rhodi
580 3123 727 3193 (Bourgll,
741 3123 832 3194 Cypri
853 3123 960 3191 (Sibth.
976 3123 1033 3192 Ky.
1049 3123 1102 3178 ‘250
1112 3125 1132 3193 Ι)
1162 3121 1205 3176 Fl.
1227 3121 1311 3176 Mart.

64 3207 117 3250 aro.

65 3289 166 3346 Planta
179 3289 329 3346 loliorum
344 3289 502 3360 segmentis
513 3289 582 3372 plus
595 3289 694 3344 minus
710 3288 825 3358 divisis,
840 3289 1016 3360 pedunculis
1031 3289 1117 3344 rectis
1131 3291 1179 3344 vel
1192 3288 1313 3344 tandem

36 3361 294 3431 arcuato-rellexiS,
309 3360 447 3432 capitulis
460 3360 624 3432 majoribus
637 3359 687 3416 val
699 3359 866 3416 minoribus
881 3361 1015 3416 varians.

65 3457 107 3512 br.
122 3459 228 3529 deogr.
253 3457 366 3512 Sicilia.

1 3613 2 3692 i
75 3646 124 3710 ii.
150 3645 200 3711 A.
229 3643 416 3712 Persica
439 3643 559 3728 (Boios.
572 3643 686 3725 Diagn.
702 3643 772 3709 Ser.
788 3643 812 3726 Ι,
829 3646 860 3723 6,
877 3665 908 3728 p.
927 3643 986 3729 85)
1003 3645 1161 3727 adpresse
1175 3648 1314 3728 etparce

37 3734 227 3816 pubescens,
254 3731 406 3798 caulibus
434 3733 589 3798 brevibus
621 3733 793 3814 prostratis
826 3733 949 3800 foliosis
983 3733 1251 3817 subsimplicibus
1279 3734 1313 3798 in

1 3869 2 3902 ,
37 3821 255 3901 pedunculum
289 3823 425 3886 breuem
452 3839 598 3888 crassum
621 3821 752 3887 tandem
783 3822 960 3888 incurvum
992 3821 1199 3900 abeuntibus,
1230 3822 1314 3888 loliis

37 3911 194 3988 petiolatis
221 3910 352 3977 anrbilu
371 3910 475 3976 oratis
499 3909 532 3975 in
559 3910 692 3975 lacinias
719 3911 866 3977 breviter
899 3912 1040 3976 lin-:ares
1070 3909 1314 3977 mucronulatas

36 3997 376 4082 subbipinnatisectis,
388 3998 536 4080 capitulis
553 3999 737 4066 disccideis.
752 3999 914 4066 involucri
927 4001 1085 4083 adpresse
1102 4000 1181 4064 hirti
1193 3999 1315 4083 phyllis

38 4083 384 4170 oblongo-lanceolatis
418 4087 481 4152 late
515 4087 677 4166 semissis,
711 4089 908 4170 receptaculi
940 4089 1181 4173 hemispliaerici
1213 4088 1314 4170 paleis

38 4183 168 4256 anguste
202 4174 389 4240 linearibus
416 4175 569 4241 carinatis
601 4175 846 4254 obtusiusculis,
883 4177 1026 4244 colreniis
1060 4177 1316 4261 persistentibus

39 4263 208 4331 turbinatis
228 4261 371 4330 laevibus
386 4265 530 4330 tenuiter
542 4266 674 4331 costulis
691 4265 781 4347 apice
796 4268 955 4334 truncatis
970 4267 1155 4334 unrbcnatis
1169 4266 1315 4347 margine

43 4348 223 4418 horizontali
247 4357 389 4432 ariguslo
407 4354 625 4419 crassiusculo
647 4361 696 4432 Θ.

75 4459 144 4518 Hah.
158 4463 189 4518 in
205 4463 303 4518 aridis
316 4461 424 4517 Persice
436 4463 572 4518 australis
585 4463 623 4518 ad
636 4464 711 4520 Gara
725 4468 754 4520 et
764 4464 887 4521 Dalechi
899 4465 968 4537 (ily.
983 4465 1058 4536 531),
1070 4466 1146 4521 inter
1158 4465 1277 4520 iiasrun
1287 4467 1316 4520 et

45 4527 209 4606 Schahpour
224 4531 367 4604 (Haussk
377 4534 405 4601 Ι).
