3128 5176
239 363 294 425 580
787 377 972 420 courosrrac.
1387 362 1504 422 aarum

276 485 355 542 Hah.
371 485 401 540 in
415 483 538 557 planitie
552 483 655 540 ardell
673 483 794 540 ditionis
808 484 975 544 Bachttaris
989 485 1098 542 Paratae
1110 485 1200 541 occid.
1215 484 1390 554 (Hausskt).

277 579 403 650 Pedalie,
417 580 491 636 tolia
503 579 618 636 caulem
638 579 815 636 densissime
833 581 1003 652 obtegentia
1021 580 1235 654 erecto-patula
1250 581 1390 637 inferiora
1403 582 1508 655 tripalli·

241 655 321 710 caria
337 651 420 708 9lin.
435 651 504 720 lata,
519 651 684 723 capitulum
697 666 843 723 magnum
856 651 882 708 J.
897 651 1134 726 maooeeptatoe
1153 669 1170 708 a
1189 658 1249 725 quat
1268 652 1384 725 phyllis
1400 656 1508 710 externis

240 723 417 782 tomentosis
431 723 548 778 mutiois
563 723 670 779 eximie
686 723 797 795 differe
810 724 966 780 achenium
980 726 998 780 t
1012 725 1043 794 'ss
1060 724 1110 780 lin.
1126 724 1259 795 longum.

287 915 338 979 et.
363 913 397 979 J.
423 911 703 980 multicaulia
728 911 804 996 [nc.
823 913 941 979 Prodr.
963 912 1017 994 Vl,
1038 931 1068 996 p.
1090 913 1170 996 611)
1195 929 1292 995 parce
1310 912 1506 978 arachnoidea

31 1049 74 1089 4,
242 1003 293 1069 vel
309 1003 532 1085 glabresocm,
552 1001 703 1068 caulibus
721 1002 822 1070 deuse
839 1002 964 1068 foliosis
982 1019 1079 1085 parce
1094 1003 1247 1082 ramosis,
1267 1000 1352 1068 loliis
1371 1001 1508 1068 lanceola·

118 1147 119 1152 1
239 1093 283 1159 tis
304 1093 408 1158 acutis
437 1091 508 1156 basi
533 1090 876 1158 cordato-auriculatia
901 1091 1040 1158 summis
1066 1090 1162 1156 valde
1189 1091 1362 1157 diminutis
1386 1091 1508 1174 capitulo

241 1180 487 1266 approximatis,
518 1180 670 1262 capitulis
701 1181 924 1247 mediocribus
955 1180 1072 1259 ovatis,
1100 1181 1262 1248 involucri
1292 1177 1508 1262 glabresccntis

241 1270 362 1354 phyllis
375 1269 561 1335 lanceolatis
575 1269 793 1336 subcarinatis
804 1270 922 1335 erectis
936 1288 1003 1336 non
1016 1269 1055 1334 ad
1061 1271 1186 1352 pressis
1198 1269 1347 1335 externis
1359 1268 1507 1334 lrcrbaceia

241 1359 457 1440 longiusculis
474 1359 508 1422 in
528 1359 657 1441 spinam
671 1357 908 1441 longiusculam
922 1357 1131 1437 abeuntibus,
1147 1358 1289 1425 internis
1307 1359 1403 1440 longe
1419 1359 1507 1440 cuspi-

241 1449 325 1515 datia
342 1447 398 1514 vix
420 1447 642 1530 pungentibus
659 1447 806 1515 flosculis
823 1448 943 1514 triente
961 1447 1182 1528 brevioribus
1203 1447 1375 1514 acheniis..
1386 1498 1405 1528 .,
1421 1465 1507 1530 pappo

241 1538 334 1620 longo
355 1537 507 1620 plumoso
535 1545 582 1610 tc.

274 1648 350 1704 Hab.
363 1648 394 1703 in
415 1647 516 1703 Persia
536 1646 601 1703 loco
623 1663 681 1703 non
703 1650 805 1704 notato
819 1647 926 1718 (Aucb.
945 1647 1051 1718 35051),
1066 1648 1096 1703 in
1118 1647 1269 1720 argillosis
1286 1646 1375 1703 vallis
1394 1645 1506 1718 Talagon

238 1720 349 1776 montis
363 1717 472 1775 Elbrus
488 1718 557 1789 (ily.
570 1719 637 1775 5101
651 1719 708 1774 sub
723 1717 750 1774 J.
763 1716 1020 1792 macrocepbatci).

275 1817 381 1875 Affinis
394 1816 422 1873 J.
437 1816 676 1890 macrocepbatae
689 1816 742 1874 sed
758 1816 955 1888 glabrescens‚
971 1815 1102 1890 capitula
1115 1817 1208 1891 duplo
1221 1818 1348 1874 minora.

287 2005 338 2068 33.
363 2002 398 2068 J.
424 2001 673 2082 salictiolia,
691 2001 888 2068 brevissime
906 2007 938 2068 et
955 2019 1050 2086 parce
1068 2001 1242 2086 puberum,
1255 2003 1406 2069 cautibus
1423 2001 1506 2068 deuse

239 2092 365 2160 foliosis
389 2091 644 2174 monocephalis,
669 2091 755 2157 loliis
780 2091 953 2158 latiuscule
979 2091 1303 2158 lineari-lanceolatis
1328 2092 1429 2158 acutis
1450 2091 1505 2155 basi

241 2179 584 2248 cordato-auriculatis
612 2199 746 2247 sursum
766 2179 938 2246 diminutis
958 2180 1097 2246 summis
1123 2179 1329 2248 brevissimis
1349 2179 1504 2264 capitulum

241 2269 499 2352 bracteantibus,
520 2269 663 2352 capitulo
690 2269 894 2352 longiusculo
918 2268 1083 2349 obconico,
1107 2269 1270 2336 involucri
1290 2268 1504 2352 glabresoentis

240 2360 363 2446 pbyllis
382 2357 571 2424 lanceolatis
590 2359 758 2443 adpresais
783 2359 1005 2441 pungentibus
1029 2358 1070 2424 ab
1087 2358 1234 2424 externis
1253 2357 1457 2440 longiusculis
1474 2355 1502 2420 ad

240 2449 371 2515 interna
385 2447 533 2514 tlosculis
545 2448 666 2514 triente
680 2447 833 2514 breviora
847 2447 970 2513 sensim
984 2449 1098 2530 auctis,
1110 2447 1299 2527 aobeniis...,
1312 2463 1416 2531 pappo
1429 2446 1502 2526 tona

240 2537 391 2622 plumoso
418 2545 463 2612 11.

277 2648 354 2704 Hab.
363 2648 394 2703 in
405 2646 532 2704 collibus
543 2646 687 2774 lapidosis
698 2647 735 2702 ad
746 2647 923 2703 Karahissar
933 2646 1128 2719 Cappadociae
1141 2636 1270 2703 etTauri
1280 2645 1393 2702 Cilicici
1402 2646 1430 2701 in
1440 2643 1502 2700 valle

238 2719 503 2790 Bulgbarmsaden
516 2718 573 2788 (Ba
588 2763 593 2772 .
608 2733 668 2774 eas.
682 2717 739 2774 sub
751 2720 778 2774 J.
793 2715 1023 2791 macrocepbald
1031 2717 1061 2788 1).

273 2826 381 2882 Gaulos
403 2825 653 2899 7-12-pollicares,
673 2825 745 2882 lolia
764 2827 781 2881 1
804 2828 835 2895 ¹(2
856 2826 995 2898 pollicem
1017 2826 1109 2898 longa
1130 2825 1179 2882 to
1201 2825 1299 2880 lineas
1320 2825 1394 2895 lata,
1415 2823 1501 2897 pbylla

239 2897 399 2954 latiuscula
419 2902 448 2954 et
469 2902 588 2954 externa
611 2897 661 2954 lon
685 2897 800 2953 tuscula
815 2896 841 2954 J.
856 2896 1093 2971 macrocepbaloe
1115 2912 1168 2970 pro
1191 2902 1251 2969 qua
1269 2912 1334 2952 eam
1359 2896 1444 2952 habui
1462 2895 1500 2950 sed

238 2969 337 3025 diiiert
359 2969 496 3025 caulibus
520 2913 745 3045 monooeplalis
769 2973 797 3024 et
818 2969 957 3042 capitulis
980 2965 1113 3038 eiusdo'm
1136 2967 1335 3039 longitudinis
1356 2967 1405 3024 scd
1428 2965 1500 3038 duplo

238 3040 463 3112 angustioribus
477 3040 542 3096 basi
556 3041 725 3096 attenuatis.
739 3039 929 3096 lnvoluarum
943 3040 1000 3096 lere
1014 3039 1255 3112 sesquipollicem
1266 3039 1399 3111 longum.

683 3159 699 3198 0

282 3225 334 3292 31.
358 3226 393 3292 J.
420 3223 660 3292 Cataonica
684 3225 807 3311 [Boias.
832 3231 864 3292 et
888 3223 1053 3310 Haussk.)
1078 3241 1257 3292 canescens
1284 3225 1338 3292 vel
1366 3225 1500 3309 glabreta,

236 3314 385 3381 caulibus
404 3313 657 3381 ascendentibus
673 3314 878 3398 simplicibus
892 3316 942 3382 vet
956 3332 1053 3400 parre
1071 3314 1212 3381 ramosis
1224 3315 1316 3398 apice
1330 3313 1500 3398 corymbose

234 3409 269 3470 et
287 3403 433 3470 breviter
451 3403 665 3486 a-t-cepnotis
683 3404 849 3488 ramisque
868 3403 969 3470 dense
987 3403 1120 3485 foliosis,
1138 3403 1224 3470 loliis
1241 3403 1426 3472 lanceolatis
1439 3421 1499 3468 acu·

237 3495 278 3559 tis
299 3492 436 3558 deberis
456 3491 526 3559 basi
544 3493 952 3560 subcordato·auriculatis
969 3494 1090 3560 romeis
1110 3492 1206 3576 valde
1225 3493 1400 3561 diminutis
1417 3492 1498 3558 linea-

235 3581 342 3659 ribus,
353 3581 506 3665 capitulis
521 3581 588 3648 basi
605 3581 768 3649 subaudis
781 3581 1100 3665 oblongo-obsonicis
1114 3579 1348 3664 mediocribus,
1360 3577 1497 3648 involucri

236 3671 306 3736 cani
319 3669 617 3754 phyllisadpreasis
628 3671 747 3738 eximie
757 3672 938 3737 imbricatis
952 3670 1170 3738 subcarinatis
1181 3671 1329 3738 breviter
1339 3670 1498 3755 spinutoso·

235 3760 414 3826 attenuatis
435 3757 476 3824 ab
494 3759 617 3825 intimis
643 3759 850 3826 brevissimis
872 3759 1132 3841 triangularibus
1149 3759 1189 3824 ad
1209 3759 1323 3826 intima
1343 3757 1495 3828 lanceolata

235 3849 382 3914 tlosaulis
394 3847 495 3932 duplo
512 3849 667 3915 breviora
679 3851 804 3914 sensim
819 3849 935 3928 auctis,
948 3850 1093 3916 acbeniis
1111 3850 1217 3931 longis
1228 3849 1368 3917 travibus
1380 3845 1496 3918 lineatia

235 3955 343 4020 pappo
362 3937 513 4022 plumoso
533 3937 667 4005 achenio
688 3937 852 4022 subtripla
872 3938 1018 4020 longiore
1046 3948 1091 4010 11.

270 4047 346 4103 Hab.
360 4047 391 4102 in
403 4046 495 4102 Tauri
501 4047 653 4104 Cataonici
665 4047 816 4104 montibus
829 4047 973 4120 Begdagh
984 4054 1013 4105 ot
1024 4048 1211 4120 Baltandagh
1220 4044 1493 4122 suprablalstiaetin

158 4135 162 4144 ·
235 4119 415 4191 graminosis
428 4117 599 4190 Scherdaeh
610 4119 785 4189 (Haussko‘
795 4119 839 4174 Η·
852 4122 929 4190 ‘³¹¹⁸'

270 4215 377 4271 Gaulos
392 4213 522 4286 pedales,
541 4215 613 4271 lolia
627 4215 803 4270 intermedia
821 4215 870 4271 2-1
884 4217 915 4282 ‘ja
957 4216 1007 4272 oll.
1024 4216 1113 4288 longa
1127 4217 1176 4271 1-6
1189 4216 1285 4273 lineas
1304 4216 1372 4284 tata,
1384 4208 1492 4285 capitula

233 4287 292 4341 iere
306 4285 532 4359 Cbumoepeucea
546 4287 612 4342 basi
632 4287 848 4342 subattenuata.
877 4290 903 4342 Α
941 4286 1129 4344 ¹multicaulr'
1147 4292 1176 4343 et
1188 4281 1412 4361 mucroccpdatd
1423 4285 1494 4338 invo-

233 4356 307 4413 lucri
322 4355 434 4429 phyllis
449 4357 487 4412 ab
501 4358 630 4414 externis
645 4357 830 4414 brevissimis
843 4358 882 4413 ad
896 4359 1002 4414 intima
1016 4357 1125 4415 sensim
1140 4357 1285 4431 elongatis
1299 4359 1432 4414 distincta.

278 4543 330 4606 35.
354 4541 388 4608 J.
408 4542 642 4610 ramulosa
661 4542 781 4626 (Boiss.
799 4548 831 4609 ct
848 4542 1006 4629 Haussk.)
1027 4549 1220 4626 tomentosa,
1235 4545 1379 4611 cautibus
1394 4555 1492 4606 ascen·
