3128 5176
41 382 225 443 Centaurea.
600 403 785 447 counoeirnr.
1284 381 1340 440 645

42 503 221 563 Kastaniiaa
240 510 270 562 et
292 507 420 578 Kyllene
443 507 618 565 eom-soon
640 524 731 582 supra
746 507 872 565 'lahela
893 506 1036 577 (Heldrl),
1057 506 1224 563 Parnassus
1247 517 1339 575 supra

41 575 206 634 Arachove
218 577 341 651 (Sprunt
354 578 448 635 Heldr
454 581 482 651 1),
494 579 662 651 Eurytania
674 583 704 636 in
719 581 884 638 nemorosis
903 577 996 648 [Sam.
1010 581 1038 634 ct
1051 578 1154 634 Guiccl
1168 577 1264 632 forma
1276 574 1338 646 pal·

42 645 154 718 lidior)‚
168 647 348 706 Macedonia
361 651 482 721 (Favi),
496 653 591 708 Athos
604 650 767 722 (Pichlerl).

86 743 119 827 β.
147 745 270 827 ulpino
286 749 399 814 Heldr.
419 767 487 815 ens.
505 749 727 816 -Omnibus
747 749 897 832 partibus
920 745 1205 826 vaidedininuta,
1225 745 1337 812 caules

44 835 276 919 vnonocephaii
302 837 485 920 pelliones,
514 839 656 923 capitula
675 838 777 924 triplo
805 839 943 903 minora.
969 835 1092 919 Atypo
1109 833 1338 901 diversissima

41 924 180 990 videtur
203 925 263 990 scd
279 927 317 993 el.
336 925 510 993 Heldreich
527 931 585 1012 qui
604 927 713 993 vivam
733 926 924 993 observavit
941 924 1016 992 hnic
1034 923 1156 990 retulit.

76 1036 155 1092 Hab.
171 1037 206 1092 in
220 1053 339 1096 summo
352 1039 499 1096 Parnasso
515 1039 657 1111 (Heldri).

76 1131 203 1204 Species
214 1133 332 1218 phyllis
346 1135 429 1218 apice
450 1135 706 1207 nigro-maculatis
725 1132 1004 1222 longequedciliatis
1026 1131 1193 1214 inermibus
1206 1129 1338 1201 elegans

41 1203 460 1334 gagagattglirsofficrrtaa'lacunias
476 1207 644 1278 variabilis,
656 1223 675 1263 a
689 1205 719 1270 G.
734 1206 893 1264 Generarra
908 1205 938 1262 h
959 1224 995 1257 =
1013 1199 1133 1260 named
1152 1201 1234 1258 Lam.
1249 1200 1336 1275 prob.

75 1372 123 1428 tr.
140 1371 249 1442 (iacgr.
269 1372 386 1428 Montes
400 1373 494 1430 ltaliae
507 1373 659 1430 australis.

567 1556 581 1585 *
601 1559 612 1588 *
632 1556 821 1614 Paniculatae.

88 1718 142 1782 dt.
170 1717 216 1786 C.
237 1717 477 1786 cuneliolla
501 1717 622 1802 (Sibth.
648 1724 682 1785 et
708 1717 775 1785 Sm.
802 1719 850 1784 Fi.
876 1717 981 1786 Graec.
1005 1717 1044 1799 X,
1063 1735 1092 1800 p.
1115 1717 1144 1798 l,
1168 1713 1235 1780 tab.
1255 1710 1338 1814 tibi)

46 1807 210 1891 adpresse
222 1825 586 1885 araneoso-canescens,
597 1809 746 1875 caulibus
759 1807 903 1874 tenuiter
915 1807 1051 1891 virgatis
1064 1804 1188 1872 strictis
1200 1823 1218 1870 a
1230 1801 1337 1869 medio

46 1894 246 1978 corymbose
273 1896 413 1961 ramosis
440 1897 541 1962 ramis
571 1897 747 1964 ramulosis
767 1895 890 1964 foliosis
913 1896 1052 1962 ramulis
1078 1892 1335 1978 monocephalis.

48 1983 131 2050 loliis
154 1983 375 2051 inferioribus
393 1985 556 2068 petiolatis
574 1985 697 2054 ambitu
716 1985 866 2067 oblongis
884 1985 919 2051 in
940 1987 1107 2067 segmenta
1124 1982 1263 2050 obovato
1286 1981 1337 2046 vel

48 2073 352 2156 oblongo-cuneata
382 2074 556 2156 inaequalia
587 2075 785 2142 subdentala
816 2073 1153 2158 subbipinnatisectis‚
1185 2072 1338 2171 foliorum

49 2163 265 2246 superiorum
282 2162 448 2229 sessilium
466 2163 645 2246 segmentis
662 2164 843 2248 angustatis
863 2163 1011 2231 omnium
1028 2161 1238 2240 matronalis,
1251 2159 1338 2224 loliis

49 2251 218 2333 supremis
246 2252 357 2334 parvis
380 2252 534 2319 indivisis
558 2254 701 2338 capitula
725 2253 905 2320 mediocria
923 2251 1062 2334 oblonga
1091 2247 1337 2316 bracteantibns

50 2339 100 2405 vel
117 2340 269 2420 remotis,
285 2341 448 2407 involucri
465 2341 598 2407 demum
615 2341 853 2425 glabrescentis
872 2341 995 2426 phyllis
1014 2339 1120 2405 ovatis
1136 2343 1170 2405 et
1188 2337 1338 2418 oblongis

50 2428 316 2496 sulcato-strictis
328 2429 358 2494 in
373 2430 588 2512 appendicem
601 2431 840 2498 luscescentem
850 2429 1081 2516 subpeimatim
1095 2429 1339 2513 i-e-pecnnan-

51 2517 191 2584 ciliciam
205 2517 279 2584 cilio
291 2518 457 2584 terminali
471 2537 536 2584 non
547 2519 701 2586 validiori
713 2519 923 2601 abeuntibus,
934 2519 1080 2586 flosculis
1095 2518 1200 2584 roseis
1211 2515 1339 2583 radian-

50 2605 147 2685 tibus,
167 2607 268 2690 pappi
286 2607 350 2672 nlbi
367 2608 454 2674 serie
472 2609 669 2675 intermedia
689 2609 823 2676 acheuio
841 2608 1007 2693 subdupla
1023 2607 1176 2673 breviore
1194 2606 1246 2691 0.

83 2717 151 2773 Heb
173 2718 205 2772 in
216 2721 316 2774 monte
324 2717 418 2773 Athos
427 2717 608 2774 Macedoniae
620 2718 751 2790 (Sinin),
759 2719 871 2775 ibidem
884 2735 976 2792 supra
982 2717 1107 2775 Kerasia
1116 2717 1196 2774 4000’
1207 2715 1302 2788 (Orph
1309 2715 1338 2786 t),

52 2804 137 2862 prope
153 2789 336 2862 Byzantium
349 2789 386 2845 ad
401 2789 591 2863 Bosphorum
604 2791 722 2861 (Cadetl
738 2791 933 2862 Coumanyi).

84 2885 203 2942 Pedalie
217 2888 265 2943 vel
279 2889 513 2960 bipedalislolia
524 2889 663 2946 inferiora
676 2905 743 2946 cum
758 2889 868 2962 petiolo
880 2888 1100 2962 til-polliceris
1113 2887 1230 2943 laciniis
1245 2887 1337 2966 majo·

52 2956 131 3012 ribns
142 2959 193 3014 6-9
207 2959 257 3014 lin.
272 2958 371 3030 longis
383 2960 432 3016 3-4
445 2960 523 3022 Ιαῐίε,
532 2961 663 3033 capitula
677 2961 799 3032 magnit.
815 2960 844 3017 C.
857 2958 1068 3017 Riobersteint'i.
1083 2959 1189 3014 Differt
1201 2956 1339 3014 ectntt-

49 3026 124 3099 (oh'ri
138 3029 315 3086 indumento
335 3046 395 3087 non
410 3032 501 3088 dense
521 3048 664 3104 pannoso,
679 3033 842 3104 segmentis
854 3033 988 3088 cuneatis
1010 3030 1199 3097 mucronatis,
1219 3027 1335 3101 phyllis

52 3111 108 3154 nou
130 3103 323 3170 mucronatis,
348 3118 451 3175 pappo.
477 3102 523 3159 Ob
543 3103 649 3230 phglla
670 3105 700 3158 in
721 3102 872 3175 spinulam
897 3119 956 3158 non
979 3102 1120 3158 abeuntia
1143 3100 1337 3156 artificialiter

53 3168 147 3228 iacere
159 3172 387 3229 adnumeranda
399 3175 451 3230 sed
460 3190 479 3228 a
487 3175 582 3247 specie
606 3191 640 3231 us
650 3175 789 3231 affinibus
799 3174 1067 3231 mucronedonatis
1075 3188 1135 3229 non
1144 3171 1337 3244 sejungenda.

95 3357 146 3421 65.
171 3356 215 3424 G.
243 3357 506 3435 sublanata,
532 3360 693 3442 adpressc
724 3360 807 3442 ptus
837 3359 946 3426 minus
966 3373 1336 3440 araneoso-canescens,

54 3444 200 3513 caulibus
218 3447 380 3528 angulatis
398 3448 630 3515 crassiusculis
651 3449 718 3514 iere
738 3468 755 3513 a
775 3447 847 3514 basi
868 3448 1072 3514 divaricetim
1090 3445 1338 3529 ramosissimis,

57 3533 135 3600 loliis
148 3535 364 3602 interioribus
383 3537 546 3618 petiolatis
565 3538 679 3620 lyrntis
697 3538 876 3619 segmentis
894 3537 1042 3619 oblongis
1062 3536 1114 3602 vel
1132 3535 1237 3601 ovatis
1255 3535 1339 3600 inte-

55 3623 118 3703 gris
145 3625 197 3690 vel
219 3641 315 3708 parce
331 3623 484 3701 dentatis,
506 3626 590 3693 toliis
616 3626 849 3710 superioribus
868 3631 902 3691 et
922 3625 1043 3691 ramcis
1063 3623 1236 3693 sessilibus
1254 3625 1338 3690 iute-

57 3711 119 3793 gris
140 3713 294 3796 cllipticis
315 3714 364 3779 vei
389 3715 494 3782 ovatis
513 3716 641 3782 obtusis
668 3715 915 3795 mucronnlatis,
935 3713 1336 3799 capituliscrassiuscule
1441 3724 1445 3731 '

58 3802 284 3882 pedunculetis
313 3802 553 3871 subbractentis
578 3804 628 3869 vel
656 3803 757 3870 nudis
785 3803 1008 3870 mediocribus
1036 3805 1153 3882 oratis,
1175 3803 1365 3870 involucris

59 3889 173 3973 phyllis
193 3889 363 3975 adpressis
391 3893 516 3960 strictis
543 3893 649 3960 oratis
676 3897 708 3959 et
732 3893 881 3976 oblongis
910 3893 944 3958 in
971 3889 1190 3980 appendicem
1216 3891 1338 3974 pallide

59 3976 287 4048 luscescentem
306 3981 541 4063 triangularem
557 3982 821 4065 7-9-pectinatim
840 3980 979 4048 ciliciam
1000 3981 1159 4048 macrone
1175 3980 1259 4048 ciliis
1272 3999 1338 4047 non

59 4063 197 4150 longiore
218 4071 425 4137 terminatam
453 4071 663 4152 abeuntibus,
688 4071 834 4138 flosculis
862 4073 967 4138 roseis
995 4069 1211 4149 radiantibus,
1239 4069 1338 4154 pappi

60 4157 139 4222 serie
156 4158 352 4225 intermedia
368 4159 503 4227 achenio
521 4159 621 4244 duplo
639 4161 793 4228 breviore
820 4169 865 4234 bt.
898 4161 930 4227 C.
952 4159 1147 4243 ponicnlotc
1171 4177 1238 4224 var.
1256 4157 1333 4224 snb·

61 4239 166 4311 loncto
180 4269 201 4312 n
214 4267 240 4316 c.
264 4247 379 4314 Prodr.
399 4249 453 4326 Vl,
474 4269 502 4332 p.
524 4251 598 4315 584.

95 4352 166 4412 Hah.
179 4359 208 4413 in
222 4358 312 4415 aridis
326 4365 355 4415 et
379 4361 536 4416 maritimis
550 4361 713 4417 Thessaliae
734 4361 772 4417 ad
793 4361 933 4418 Katarine
956 4361 1077 4430 (Heldrl
1096 4361 1136 4417 Or
1158 4361 1188 4417 h.
1210 4360 1252 4416 Fi.
1272 4377 1335 4417 ens.

61 4423 122 4480 itai
134 4429 189 4484 sub
204 4429 227 4486 C
245 4427 424 4502 enneyob'cil,
434 4431 609 4487 Macedonia
622 4433 660 4488 ad
674 4433 774 4489 sinum
783 4433 995 4490 Thermaicum
1009 4432 1115 4502 (Auch.
1129 4379 1236 4503 iiim),
1246 4447 1338 4506 prope

63 4493 163 4582 Niseia,
176 4500 303 4556 Ostrovo
312 4505 341 4557 et
353 4503 475 4586 Vodena
487 4502 596 4576 (Orphl
618 4505 674 4559 sub
690 4503 718 4560 0.
734 4502 874 4588 palladii,
887 4506 918 4560 in
936 4504 1124 4576 rupestribus
1139 4504 1251 4562 montis
1266 4503 1339 4560 Kor-

62 4564 139 4624 thiatr
151 4569 269 4640 (Heldri
284 4573 340 4629 sub
354 4571 382 4630 C.
395 4571 537 4648 pallada),
551 4573 588 4630 ad
599 4574 744 4649 Gallipolt
758 4576 899 4648 (Cedetl).
