3122 5178
34 360 252 418 Yaraoeaoum.
587 374 773 416 consueram.
1267 358 1318 414 791

32 482 171 550 thulatis
193 483 225 549 in
245 481 403 566 petiolum
423 481 599 566 attenuatis
619 485 713 548 acute
727 482 1070 564 runcinam-dentatis,
1086 482 1193 565 scapis
1210 481 1319 548 tenui-

31 573 94 638 hus
114 572 216 640 hirtis
235 571 320 638 soliis
339 571 559 653 brevioribus,
578 571 731 654 capitulis
751 570 939 655 cylindricis
957 571 1147 654 paucitloris
1167 571 1317 650 minutis,

32 661 200 728 involucri
212 661 299 744 nigri
311 660 431 744 phyllis
445 661 577 728 hirtulis
590 659 717 726 obtusis
731 663 868 743 anguste
883 660 1201 728 lineari-lanceolatis
1214 665 1320 726 exter·

31 750 81 816 nis
99 752 119 814 h
135 747 181 835 Ἰ,
200 751 254 834 plo
272 749 494 820 brevioribus.
512 749 656 816 acheniis
673 747 826 832 ellipticis
844 750 1045 831 compressis
1063 767 1159 832 parce
1176 750 1319 816 muricu-

32 839 105 906 latis
125 840 222 924 apice
243 839 382 922 abrupte
401 840 434 904 in
455 844 601 906 rostrum
618 837 853 905 brevissimum
875 857 1024 904 crassum
1044 839 1241 906 abeuntibus
1268 847 1316 912 tt.

64 949 148 1004 Hah.
164 951 199 1006 in
206 949 367 1010 montibus
382 950 532 1005 Armenia
545 949 677 1005 Turcicae
694 949 732 1004 ad
748 948 894 1004 Alischeri
909 947 998 1004 Khan
1013 948 1089 1006 inter
1103 949 1318 1021 Trapezuntem
1423 949 1425 952 ’
1447 943 1458 980 .·
1469 929 1516 1031 ff

1482 1035 1497 1064 't
1509 1040 1514 1061 l

31 1025 61 1076 ot
71 1019 188 1078 Baihut
200 1020 280 1078 6200’
293 1021 359 1092 (Ky.
372 1019 475 1094 Suppl.
488 1019 576 1090 6493).

64 1117 154 1175 Folia
167 1119 387 1203 2-3pollicarie
399 1133 528 1191 superno
539 1119 587 1175 5·7
597 1117 693 1174 lineas
708 1118 776 1184 lata,
787 1117 918 1189 capitula
931 1117 1032 1174 tenuia
1044 1117 1160 1173 minuta
1173 1115 1204 1174 T.
1214 1115 1318 1190 Bithy·

31 1190 119 1247 nicia
136 1207 199 1263 quo
214 1191 312 1247 drtiert
324 1190 405 1247 foliis
418 1190 488 1246 latis
501 1203 560 1246 non
576 1188 903 1262 pinnatiscolo-lyratis‚
918 1189 1014 1262 scapis
1026 1189 1216 1260 abbreviatis,
1229 1189 1317 1262 phyl-
1421 1219 1422 1226 i
1471 1171 1476 1182 ”
1491 1235 1496 1258 ,

31 1261 67 1318 lis
80 1263 218 1318 externis
230 1261 376 1334 augustis.

78 1438 128 1502 ld.
148 1435 192 1502 Τ.
210 1436 449 1504 Assemanl
469 1433 626 1521 (Blanche
643 1435 675 1499 in
694 1433 772 1517 titt.)
792 1451 888 1516 parce
901 1433 1072 1511 hirtulum
1084 1433 1192 1500 radice
1205 1437 1316 1500 crassi

30 1525 124 1591 brevi
146 1525 307 1605 verticuli,
326 1525 408 1592 collo
427 1525 600 1608 cespitoso,
619 1523 706 1590 loliis
725 1525 863 1605 oblongo
883 1530 916 1589 et
936 1522 1259 1590 lineari-lanceolatis
1278 1521 1312 1587 in

29 1611 190 1700 petiolu‘m
208 1615 343 1682 brevem
362 1613 539 1682 attenuatis
555 1613 708 1693 indivisis
733 1611 875 1680 dentatis
892 1613 944 1680 vel
962 1613 995 1678 in
1018 1611 1152 1678 lacinias
1170 1611 1317 1694 triangu-

31 1705 115 1770 lares
136 1709 252 1770 acutas
272 1710 437 1772 retrorsus
457 1701 694 1788 pinnatisectis,
714 1702 821 1785 scapis
841 1701 996 1770 tenuibus
1016 1701 1101 1768 foliis
1120 1700 1314 1784 aequilongis

32 1791 82 1858 vel
101 1791 271 1877 subdupla
290 1791 503 1876 longioribus,
519 1791 671 1874 capitulis
689 1791 802 1876 parvis
823 1789 1183 1873 obconico-oylindriois
1205 1789 1315 1874 panci-

32 1882 135 1963 ttoris,
152 1881 316 1948 involucri
334 1881 439 1966 glabri
455 1881 576 1966 phyllis
595 1881 741 1947 externis
758 1879 856 1964 triplo
872 1879 1081 1948 brevioribus
1098 1881 1166 1946 fere
1181 1879 1314 1945 omnino

33 1971 293 2038 membranaceis
320 1969 467 2037 breviter
492 1970 681 2037 lanceolatis
707 1967 922 2037 interioribus
949 1967 1141 2050 linearibus,
1169 1966 1315 2034 acheniis

32 2059 155 2127 auiarts
183 2059 380 2142 prismaticis
398 2061 553 2144 utrinqne
570 2058 747 2126 alternatis
764 2057 901 2124 laevihus
918 2059 971 2123 vel
990 2075 1088 2142 parce
1109 2057 1314 2124 muriculatis

33 2166 177 2232 superne
195 2149 317 2215 sensim
335 2149 369 2216 in
385 2155 531 2216 rostrum
555 2150 657 2215 breve
680 2165 829 2214 crassum
849 2147 970 2232 saepius
994 2147 1033 2214 ah
1051 2147 1185 2214 achenio
1209 2146 1312 2212 indis·

33 2237 169 2306 tinctum
187 2237 365 2305 attenuatis
390 2247 437 2313 tt.
453 2238 485 2304 T.
501 2235 718 2320 Bitdpcicom
735 2235 842 2303 Boiss.
860 2236 894 2302 in
908 2235 1019 2302 Heldr.
1038 2241 1070 2302 et
1085 2236 1147 2319 Ky.
1164 2253 1231 2304 ens.
1248 2253 1313 2302 non

34 2345 89 2392 nc.
107 2365 151 2374 —
167 2325 362 2392 Hieroclem
381 2325 613 2392 turusucoidcs
633 2325 775 2392 Ehrenb.
796 2325 886 2391 herh.
907 2325 991 2392 Mus,
1011 2323 1125 2392 Berolt

66 2436 144 2493 Hah.
160 2438 193 2493 in
214 2435 346 2494 herbidis
368 2437 500 2493 humidis
519 2435 549 2492 al
571 2437 639 2506 inis,
654 2451 740 2494 mons
753 2437 884 2492 Anemas
898 2435 1057 2508 Lycaoniae
1071 2434 1213 2506 (Heldrl)‚
1227 2449 1314 2491 mons

36 2505 174 2564 Metdesis
198 2507 291 2564 Tauri
311 2509 423 2564 Cilicici
442 2507 522 2566 9000'
535 2453 604 2580 (dy.
620 2507 677 2564 suh
695 2505 727 2564 Τ.
743 2508 867 2564 mimimo
883 2507 969 2579 1521),
982 2507 1116 2564 Libanus
1138 2507 1169 2562 in
1187 2507 1314 2564 summis

36 2575 257 2636 hlahme18500'
270 2579 340 2651 (Ky.
356 2579 613 2650 matermortua
627 2579 724 2635 fontes
737 2583 766 2635 et
777 2579 891 2636 rivulos
905 2595 940 2634 su
962 2595 995 2636 ra
1008 2579 1128 2636 Dimum
1141 2577 1220 2636 etad
1234 2577 1311 2634 Has·

35 2663 86 2704 mn
98 2650 183 2723 (ΒΗ),
201 2653 230 2707 in
243 2651 309 2724 alpe
322 2649 495 2708 Ssehsekuh
509 2649 616 2708 Persice
630 2649 772 2708 australis
786 2651 822 2706 ad
837 2651 922 2708 nives
937 2653 949 2721 (
980 2651 1104 2720 ausskl).

65 2741 167 2803 Facies
185 2745 217 2804 T.
231 2745 385 2821 Bithynici
394 2747 443 2803 cui
485 2747 546 2804 rius
568 2745 835 2804 adnumeraveram
859 2747 912 2802 aad
932 2745 1030 2802 differt
1043 2745 1141 2802 radice
1162 2746 1313 2815 crassiore,

35 2813 109 2873 toliis
118 2819 290 2902 ‚majoribus
304 2819 404 2875 minus
414 2833 467 2902 pro
502 2818 558 2874 nde
572 2817 677 2874 divisis
691 2823 720 2874 et
732 2818 898 2904 praesertim
909 2821 990 2874 costa
1001 2817 1145 2874 crassiore
1156 2817 1312 2944 percursis,

35 2887 141 2958 phyllis
154 2890 286 2946 externis
299 2891 455 2962 elongatis,
471 2889 602 2946 achsniis
616 2889 668 2946 lon
689 2890 804 2946 loribus
812 2889 925 2946 sensim
939 2892 967 2944 et
979 2889 1067 2959 longe
1079 2904 1162 2945 nece
1184 2889 1312 2961 ruptius·

35 2957 95 3040 cula
107 2963 135 3016 et
146 2960 324 3018 brevissime
338 2963 421 3034 apice
435 2961 633 3032 attenuatis3a
673 2960 894 3034 .rtenoocphato
906 2959 986 3016 foliis
999 2959 1134 3032 angustis
1148 2963 1177 3016 et
1189 2975 1311 3032 praeser·

36 3031 85 3112 tam
97 3032 231 3090 acheniia
243 3033 354 3089 sensim
368 3035 396 3089 et
408 3033 496 3105 longe
509 3034 667 3090 attenuatis
681 3048 736 3090 nec
748 3034 831 3106 apice
847 3031 973 3104 abrupte
986 3035 1015 3088 st
1028 3031 1158 3088 breviter
1171 3033 1312 3103 angusta·

36 3102 69 3155 hs
81 3105 127 3158 sat
139 3103 315 3161 distinctum
328 3103 445 3162 videtur

396 3327 638 3404 cuononem
665 3327 714 3423 (ι.
744 3327 819 3406 aaa.
849 3327 943 3422 ato).

78 3542 262 3632 Capitulum
279 3547 495 3632 paucihorum
510 3547 657 3616 flosculis
675 3549 896 3618 biserialihus.
917 3547 1129 3616 involucrum
1150 3547 1312 3633 calyculu-

39 3636 619 3721 tumoligophyllum.Receptaculum
634 3637 770 3706 nudum.
780 3638 924 3706 Achenia
934 3639 1112 3704 conformia
1126 3640 1312 3723 pentagona

40 3721 141 3792 rarius
157 3726 253 3798 laevia
281 3727 401 3810 saepius
427 3727 526 3794 costis
545 3745 691 3812 superne
714 3727 1114 3814 squammoso-muricatis
1140 3744 1311 3810 percursa,

39 3813 215 3895 squamulis
231 3831 377 3900 superne
393 3815 515 3900 saepius
530 3814 689 3900 elongatis
712 3815 745 3882 in
772 3816 963 3886 coronulam
977 3815 1120 3900 patulum
1148 3815 1303 3884 dilatatis.
1367 3869 1370 3877 .

38 3897 187 3970 Rostrum
212 3901 342 3988 longum
368 3903 520 3971 tililorma
538 3904 592 3972 vel
617 3905 717 3972 hrevc
738 3923 900 3984 crassum,
923 3904 1092 3972 interdum
1108 3905 1247 3972 nullum.
1268 3941 1309 3952 -

40 3986 148 4057 llerhae
162 3992 300 4060 biennes
316 3993 552 4080 ramosissimis
567 3995 668 4061 ramis
682 3995 817 4078 virgatis
828 3994 988 4062 intricatio
1005 3994 1137 4061 demum
1154 3993 1308 4078 aphylhs.

40 4071 144 4147 Genus
159 4082 371 4149 acheniorum
390 4086 558 4150 structura
575 4081 733 4152 variabile
751 4084 810 4151 sed
828 4085 908 4150 lucie
925 4082 1020 4172 valde
1035 4083 1196 4150 naturale.
1223 4151 1226 4162 ,

84 4279 110 4344 1.
133 4279 172 4350 e
196 4281 515 4352 ramosissimis
539 4281 659 4370 (Sihth.
675 4288 709 4350 ct
727 4281 855 4350 smil.
869 4281 926 4351 Gr.
939 4283 1071 4370 Vlll,p.
1086 4283 1214 4366 70,tah.
1230 4283 1308 4370 795)

42 4365 141 4436 radica
158 4371 316 4450 verticuli,
333 4373 426 4440 caule
441 4389 555 4441 crasso
571 4374 730 4457 adpresre
745 4389 825 4442 cano
841 4378 875 4441 el
890 4373 1038 4446 breviter
1054 4374 1215 4444 muricato
1231 4391 1307 4459 pro-

42 4452 134 4558 luude
155 4461 280 4529 sulcato
303 4465 337 4527 et
362 4464 632 4548 conterminam
660 4463 695 4530 in
719 4481 830 4530 ramos
855 4481 986 4532 crassos
1012 4463 1132 4530 breves
1157 4468 1310 4532 arcuatos

42 4558 125 4626 apice
142 4553 309 4620 truncatos
328 4550 532 4618 divaricatim
550 4552 786 4635 ramosissimo
803 4553 889 4620 loliis
907 4551 1106 4620 radientibus
1124 4557 1159 4620 et
1176 4553 1311 4620 iuferio-
