3150 5178
33 379 46 408 r
167 367 168 370 ’
219 364 273 421 681
766 373 952 416 conaosrrre.
1320 353 1506 413 ceccaum.

219 503 351 553 ramoso
379 483 584 568 corymboso,
611 483 695 550 loliis
723 483 871 566 margine
890 481 1052 550 scabridis
1071 481 1287 548 inferioribus
1313 479 1349 544 in
1372 477 1511 545 lacinias

220 573 569 656 oblongo-lanceolatas
598 573 757 657 utrinque
780 573 837 638 81
859 571 1134 658 pinnatipartitis‚
1162 568 1302 636 caulinis
1328 571 1364 635 et
1387 567 1511 633 rameis

220 663 481 745 ovato-oblongis
505 662 568 728 late
587 665 620 730 et
645 660 792 728 breviter
810 659 1076 732 decurrentibus,
1100 657 1253 746 capitulis
1276 655 1512 724 terminalibus

221 751 442 818 mediocribus
466 750 701 818 ovato-conicis
719 748 862 816 bracteis
881 749 1001 834 amplis
1016 749 1124 816 oratis
1141 747 1324 827 occultatis,
1343 745 1512 812 involucri

220 841 327 924 glabri
350 839 522 908 straminei
547 839 666 924 phyllis
685 843 775 906 arcte
797 837 978 906 imbricatis
1002 839 1095 924 apice
1120 836 1308 905 constrictis
1328 833 1513 918 appendite

221 928 473 1014 patulo-redens
490 929 525 995 in
543 931 599 994 5-7
617 926 691 994 91119
710 929 933 1012 spinescentia
949 926 1153 1010 longiuscula
1166 923 1433 1011 palmatipartitd
1447 927 1514 988 ter·

221 1018 363 1100 minatis,
376 1017 499 1103 phyllis
512 1017 638 1084 intimis
651 1016 832 1100 appendice
846 1017 967 1083 inermi
980 1016 1126 1082 scariosa
1141 1013 1319 1082 orbiculari
1334 1012 1514 1097 pectinata

218 1107 338 1190 lacera,
356 1105 503 1173 flosculis
523 1108 634 1186 luteis,
653 1107 815 1172 acheniis.
830 1155 860 1170 ..
892 1115 936 1181 tt.

255 1217 331 1274 Hah.
346 1217 377 1272 in
390 1216 578 1290 Cappadocia
591 1217 630 1273 ad
642 1216 945 1290 Euphratemynucn.
959 1215 1121 1287 11938251).

256 1311 386 1370 Braeleis
402 1312 471 1369 latis
486 1312 585 1368 affinis
600 1311 629 1370 C.
643 1311 848 1383 Saeuitra'anoe,
860 1311 961 1368 ditiori
971 1311 1146 1384 phyllorum
1166 1307 1388 1388 appendicibus
1405 1309 1516 1380 persis-

220 1384 353 1440 tentibus
366 1383 398 1439 in
411 1384 479 1440 cilia
494 1383 708 1456 sesquilineam
721 1382 813 1456 longa
825 1383 985 1456 palmatim
995 1383 1123 1455 partitis.
1138 1380 1166 1438 C.
1178 1377 1404 1454 polypodarelaa
1416 1377 1517 1434 diflert

222 1453 350 1511 bracteis
391 1455 472 1511 arvia
493 1454 629 1527 angustis
650 1453 925 1528 appendicibusque
943 1452 1118 1528 phyllorum
1136 1451 1222 1510 oculo
1235 1450 1320 1507 nudo
1332 1451 1387 1506 vix
1400 1465 1473 1522 pers
1494 1449 1517 1503 i·

220 1525 283 1582 cuis
296 1471 671 1652 decitfuis.t(lbservandum
682 1529 782 1582 tamen
792 1541 830 1582 an
843 1526 920 1582 inter
930 1525 1044 1598 species
1057 1529 1116 1581 tres
1128 1523 1198 1580 illas
1207 1522 1313 1578 lormae
1326 1521 1439 1578 interm
1480 1533 1516 1576 aa

222 1613 282 1654 non
295 1612 434 1655 occurren
451 1640 456 1652 .

609 1791 701 1860 Sacr.
728 1791 801 1858 Xll.
827 1793 1115 1860 Transrenanum

268 1997 340 2062 158.
367 1993 408 2064 G.
430 1992 776 2082 phylloeephala
800 1993 922 2082 (Boiss.
942 1997 1057 2080 Diagn.
1076 1994 1148 2062 Ser.
1167 1997 1192 2078 l,
1207 1996 1238 2072 6,
1254 2013 1284 2078 p.
1307 1993 1389 2078 181)
1404 1994 1514 2079 papil-

221 2085 262 2152 lis
281 2084 365 2151 albis
388 2083 546 2152 flexuosis
570 2085 688 2168 obsita,
711 2086 804 2153 caule
829 2085 1034 2154 divaricatim
1063 2085 1290 2152 ramosissimo
1316 2087 1356 2150 ut
1373 2089 1407 2150 et
1431 2083 1514 2148 rami

221 2173 305 2256 albo,
323 2172 408 2240 loliis
420 2173 545 2240 teneris
561 2175 710 2256 margine
721 2173 1044 2242 scabrida-ciliatulis
1060 2171 1514 2241 radicalibussubsessilibus

18 2257 27 2288 “
107 2299 109 2314 =
223 2262 294 2329 basi
322 2261 500 2328 attenuatis
527 2262 716 2330 lanceolatis
745 2263 1074 2346 lyrato·pinuatitidis
1098 2263 1149 2329 vel
1173 2261 1337 2342 indivisis,
1366 2261 1513 2328 caulinis

221 2349 484 2434 ovato-oblongis
508 2349 907 2434 amplexicaulicordatis,
927 2353 1081 2436 capitulis
1103 2351 1252 2419 breviter
1276 2349 1513 2436 pedunculatis

222 2439 455 2507 terminalibus
471 2439 628 2508 solitariis
654 2456 742 2526 saepe
760 2441 998 2525 approximatis
1018 2440 1133 2525 parvis
1150 2440 1238 2507 loliis
1255 2439 1432 2507 floralibus
1449 2439 1511 2506 6-1

222 2526 483 2612 orato-oblongis
512 2529 607 2612 longe
636 2535 671 2594 et
701 2529 892 2616 pectinatim
919 2529 1129 2598 albo-cilialis
1158 2529 1271 2615 phylla
1297 2527 1512 2613 aquantibus

222 2617 447 2690 involucratis
473 2617 636 2684 involucri
656 2620 743 2686 ovati
772 2618 892 2703 phyllis
919 2619 1059 2702 integris
1089 2619 1245 2686 coriaceis
1270 2617 1355 2683 albis
1383 2617 1512 2684 infimis

221 2706 326 2774 oratis
354 2705 561 2774 brevissimis
592 2706 626 2772 in
651 2709 780 2790 spinam
808 2712 945 2774 teretem
977 2727 1082 2792 supra
1107 2708 1200 2776 sulco
1228 2711 1374 2774 notatam
1399 2707 1510 2773 albam

221 2796 365 2879 patulam
393 2794 540 2863 flosculis
562 2795 669 2862 roseis
692 2797 871 2880 longiorem
895 2798 1107 2879 abeuntibus,
1132 2795 1340 2863 intermediis
1358 2792 1513 2862 breviter

220 2884 385 2968 spinosis,
417 2883 541 2952 intimis
578 2884 954 2954 lanceolata-linearibus
996 2887 1088 2969 apice
1121 2885 1277 2952 scariosis
1311 2883 1513 2966 inermibus,

219 2972 365 3041 acheniis
382 2973 526 3040 minimis
539 2973 829 3054 lusco-maculatis,
845 2975 943 3059 pappi
960 2974 1026 3041 albi
1037 2973 1196 3058 pauciseti
1207 2973 1294 3042 serie
1309 2972 1515 3040 intermedia

219 3061 354 3129 achenio
373 3062 585 3144 sublongiore
611 3061 743 3129 interna
763 3062 960 3130 brevissima
979 3070 1028 3142 Θ.
1057 3061 1323 3144 Tetromorplloeo
1339 3059 1514 3144 Brugetia»

6 3162 10 3189 ³
181 3205 183 3209 .
219 3169 307 3217 rano
323 3173 344 3218 n
358 3171 386 3220 c.
410 3150 526 3217 Prodr.
547 3149 602 3234 Vl,
622 3172 654 3235 p.
676 3153 752 3218 609.

256 3260 332 3318 Hab.
346 3263 377 3318 in
391 3261 515 3318 desertis
526 3263 660 3334 Assyriae
673 3262 765 3333 (Oliv.
781 3265 809 3318 et
821 3261 883 3318 Bru
909 3265 939 3333 1),
958 3263 1184 3337 Mesopotamiae
1196 3261 1233 3317 ad
1248 3261 1424 3318 Besehabur
1436 3261 1513 3334 (Ky.

219 3331 310 3403 1111),
322 3333 362 3390 ad
374 3331 497 3390 llerhulr
511 3337 540 3388 et
550 3333 582 3388 in
597 3333 714 3390 deserto
727 3333 851 3390 Chabur
869 3341 880 3406 t
911 3333 1038 3404 atusslrll,
1057 3334 1095 3390 ad
1111 3332 1201 3392 colles
1220 3347 1383 3407 gypsaceos
1398 3333 1515 3390 Persica

220 3403 526 3461 austro-occidentalis
541 3405 579 3460 ad
593 3403 707 3477 Seytun
720 3405 893 3476 (Hausskt).
907 3404 950 3461 Fi.
967 3405 1036 3461 Mai.
1051 3405 1118 3462 Jun.

265 3504 298 3590 β.
323 3501 510 3587 Belonpcrt.
531 3543 573 3554 -
591 3503 672 3572 Gilia
688 3506 842 3573 loliorum
861 3511 894 3574 et
917 3507 1125 3574 bractearum
1143 3507 1184 3572 ad
1204 3484 1388 3574 denticulos
1404 3505 1514 3573 ealcu-

221 3612 297 3663 reos
313 3595 458 3661 reducta.
480 3631 521 3641 —
542 3595 573 3662 h
592 3594 839 3677 Belungeriona
854 3615 914 3663 ne.
937 3596 996 3662 loc.
1014 3595 1066 3662 cit.

256 3704 331 3761 Hab.
345 3705 376 3759 in
389 3704 491 3762 Persia
503 3705 617 3762 boreali
631 3705 713 3776 (Bell
729 3707 825 3765 Auch.
839 3705 911 3764 1828
920 3708 949 3776 t),
969 3722 1054 3780 prov.
1068 3706 1242 3764 Khorassan
1263 3705 1371 3779 (Bgel),
1383 3705 1515 3778 arigna-

220 3780 268 3833 nia
279 3775 401 3847 (Grilll),
415 3776 587 3834 Belutschia
598 3776 716 3848 (Stoclrs
722 3779 752 3853 t).

254 3870 451 3945 Semipedalis
463 3871 512 3928 vel
545 3871 641 3928 edatis
655 3887 740 3945 aeque
753 3871 846 3945 longa
858 3887 894 3930 ac
903 3870 973 3944 lata,
983 3871 1115 3946 capitula
1127 3873 1249 3945 magnit
1265 3871 1296 3930 1.
1308 3871 1514 3946 mymuarhoe,

219 3943 376 4000 achenium
390 3942 501 3999 lineam
526 3959 575 3999 ere
588 3943 722 4016 longum.

622 4157 714 4226 Sacr.
740 4159 829 4228 Xlll.
855 4159 1104 4226 Masocsnrnon.

269 4299 410 4428 159³&
432 4357 653 4427 verutum
677 4359 788 4446 (Lino.
806 4362 932 4429 Antan.
950 4361 1005 4443 IV,
1025 4381 1056 4446 p.
1077 4358 1157 4446 191)
1177 4361 1269 4428 caule
1288 4362 1373 4428 elato
1390 4364 1510 4430 stricte

220 4449 333 4515 lolioso
360 4447 502 4538 simplici
529 4448 580 4514 vel
607 4450 721 4516 stricte
748 4468 880 4518 ramoso
907 4450 1075 4534 ramisque
1102 4449 1164 4517 alis
1189 4450 1337 4534 angustis
1364 4451 1510 4534 integris

219 4539 421 4622 marginatis,
442 4537 528 4605 loliis
544 4537 758 4606 inferioribus
773 4539 923 4624 oblongis
939 4539 1292 4623 sinuato-pinnatifidis
1308 4539 1359 4607 vel
1375 4539 1509 4626 lyralis,
