3108 5168
75 351 211 414 Senatum
539 364 801 406 caparronrnems.
1298 349 1318 406 3

75 473 197 542 (Crisebt),
214 473 304 528 Ponto
324 471 464 542 (Tebibt),
483 471 577 527 Ponto
598 471 703 527 Lazioo
717 473 756 527 ad
775 470 865 528 Rhize
878 469 985 540 (Ball),
1004 470 1115 526 Tauria
1134 473 1163 526 et
1181 469 1312 527 Caucaso

73 545 111 614 (ll.
121 545 155 610 B,
166 543 286 612 beleb),
299 541 450 598 Abehasia
462 542 585 598 littorali
598 543 796 614 (Buproobtt).

96 642 134 766 &Adri
153 641 240 708 uonna
263 637 381 710 Europa
402 637 501 694 modia
528 641 557 693 et
577 637 718 694 australis
742 638 780 692 ab
803 635 912 708 Augila
940 639 968 692 et
995 638 1090 693 Cottia
1114 637 1152 692 ad
1176 636 1314 694 Rosslaru

12 755 14 780 ,
73 726 94 766 u
132 727 180 766 arn.

12 897 14 958 t
104 883 126 946 t.
142 879 176 947 S.
195 895 425 946 racemosa
444 879 494 964 [L.
521 878 576 963 Sp.
603 878 684 964 386)
713 879 878 956 fruticosa,
903 879 972 945 folii
998 881 1176 962 segmentis
1204 885 1315 948 ovato·

12 997 14 1028 2
72 969 224 1036 lanceolatis
251 969 447 1034 acuminatis
482 970 627 1036 tenuiter
660 968 820 1048 dentatis,
849 969 982 1052 stipulis
1010 969 1314 1050 verrnoitormibus,

12 1057 14 1132 Ι
71 1057 178 1124 bubus
201 1059 232 1122 in
254 1059 403 1142 thyrsum
424 1059 477 1123 vel
494 1059 679 1141 paniculum
699 1061 826 1124 oratam
846 1057 980 1124 derasam
1004 1059 1184 1142 dispositis,
1209 1059 1315 1124 baccis

70 1149 213 1231 purpureis
229 1155 256 1225 5.
278 1147 369 1231 tuoqr
387 1147 429 1212 lo.
450 1165 515 1212 rar.
535 1147 559 1212 Ι.
576 1151 598 1212 t.
621 1149 673 1211 59.

93 1257 155 1312 aaa.
170 1259 197 1312 n
216 1258 371 1314 montanus
384 1257 517 1314 anama
531 1259 582 1326 (ex
596 1256 706 1327 santa.)
718 1257 743 1312 a
757 1213 868 1313 arraona
880 1257 1014 1314 nonnum
1027 1258 1097 1313 var.

91 1353 129 1408 lr.
141 1354 232 1423 Cabur.
255 1354 380 1424 Europa
392 1353 488 1408 media
501 1370 519 1408 a
532 1353 636 1424 Belgio
650 1354 678 1408 et
691 1353 853 1409 Germania
868 1353 907 1409 ad
924 1353 1061 1409 Rossiam
1079 1353 1209 1408 mediam
1231 1355 1260 1409 et
1276 1353 1317 1408 ab

66 1421 264 1552 fflnffiffipt'
279 1428 310 1480 et
322 1424 409 1480 ltalia
421 1425 458 1480 ad
471 1425 622 1496 regionem
637 1424 846 1494 Dauubialem‚
861 1424 971 1480 Sibiria
984 1425 1090 1492 omnia,
1103 1425 1238 1480 Aurariae
1252 1420 1314 1480 bor.

341 1723 345 1734 .
436 1667 914 1764 transsubstantiat

93 1887 178 1971 Calyr
203 1908 353 1974 superus
379 1891 476 1957 limbo
509 1891 800 1974 quinquedentato.
835 1889 964 1956 Corolia
998 1891 1317 1957 infundibulitormis

12 2037 13 2064 ξ
61 1979 146 2043 rarius
173 1977 322 2044 breviter
353 1979 506 2046 tubulosu
545 1979 665 2046 5-loba.
703 1979 848 2046 Stamina
878 1981 907 2044 5.
941 1979 1096 2070 Stigmata
1124 1983 1142 2046 3
1175 1981 1315 2047 sessilis.

59 2063 186 2132 [barium
218 2069 423 2134 trilooulare.
457 2067 559 2134 Beona
597 2069 714 2135 abortu
749 2068 962 2134 nniloonlaris
999 2088 1241 2153 monosperma.
1272 2106 1316 2120 -

60 2153 182 2222 trutines
200 2156 344 2223 tloribus
361 2157 443 2222 albis
459 2158 822 2240 oymoso-oorymbosis.

107 2365 188 2432 Snor.
207 2367 234 2432 I.
256 2367 390 2434 Oruros
410 2368 531 2434 Tonas.
549 2403 593 2416 -
614 2367 708 2435 Folio
726 2367 872 2434 deciduo.
900 2368 1054 2452 Corymbt
1072 2371 1254 2437 radiantes.

92 2557 115 2618 t.
135 2555 179 2619 V.
197 2554 378 2640 opulus
396 2553 443 2639 (L.
464 2554 518 2640 Sp.
536 2556 617 2640 381)
636 2557 840 2639 fruticosum,
854 2557 941 2624 loliis
962 2560 1068 2624 oratis
1086 2560 1216 2626 trilobis
1234 2562 1319 2630 tobis

55 2643 225 2710 acuminatis
260 2645 407 2710 denmtis
443 2645 571 2728 petiolis
601 2646 802 2728 glandulosis
834 2647 976 2729 glabris,
1007 2649 1138 2732 stipulis
1169 2653 1318 2735 setensis,

55 2733 136 2812 ornis
154 2733 391 2800 terminalibus
406 2735 782 2816 pedunculatisoorollis
798 2737 1018 2804 exterioribus
1034 2737 1097 2804 late
1113 2740 1319 2808 radiantibus

53 2821 139 2900 planis
155 2823 343 2903 sterilibus,
359 2822 558 2889 neutralibus
578 2824 825 2907 campanulatis,
843 2826 950 2891 bannis
967 2827 1078 2892 rubris
1095 2833 1124 2904 ὅ.

79 2929 147 2986 Hah.
159 2933 191 2987 in
205 2932 351 2988 dumosis
364 2932 503 2999 humidis,
525 2932 705 3002 Byzantium
723 2933 856 3005 (Sibth.]‚
877 2934 1022 3005 Bithynia
1047 2937 1208 3007 (lhirkel),
1231 2938 1318 2995 Ponti

51 2997 129 3058 luzici
147 3003 288 3059 littoralis
308 3001 400 3058 vallis
418 3002 458 3057 Oi
473 3003 578 3072 (Ball),
597 3005 738 3060 Armenia
754 3007 792 3061 ad
809 3005 949 3061 Erzerum
968 3007 1099 3076 (Calvi),
1119 3008 1262 3065 Cataonia
1280 3011 1319 3066 ad

51 3071 143 3129 radicas
155 3074 337 3144 Bervtdagb
350 3073 456 3142 (Bali),
484 3074 594 3130 Tauria
616 3077 645 3132 et
667 3091 750 3147 prov.
780 3076 830 3131 Cis
849 3079 878 3132 et
895 3077 1152 3134 Transoaucasioae
1172 3081 1317 3150 (Ledeb.)‚

51 3139 146 3199 osana
159 3133 291 3201 Caucasi
304 3143 478 3200 sooo’uaob
491 3145 586 3216 (Rupr
595 3149 626 3214 t).

75 3239 112 3294 lr.
123 3239 222 3312 baert.
238 3240 367 3311 Europa
379 3240 440 3294 bor.
455 3243 484 3296 et
496 3240 595 3296 media
605 3240 643 3296 ed
657 3241 766 3312 anglia
779 3244 808 3296 et
820 3241 1018 3298 Soandiuavia
1028 3243 1065 3298 ad
1080 3243 1218 3300 Bossiam
1235 3246 1320 3302 arcti-

50 3321 98 3363 am
108 3315 134 3366 at
145 3312 299 3384 Hispania
313 3314 389 3382 sept.
407 3315 495 3383 atque
507 3311 593 3367 ltalia
604 3312 704 3368 media
716 3313 753 3368 ad
765 3312 957 3382 Delmatiam,
972 3313 1088 3384 Sibiria,
1101 3315 1245 3372 Dahuria.

81 3507 163 3574 Secu.
183 3510 226 3576 ΙΙ,
247 3509 408 3574 Lernaeo
422 3527 483 3575 ne.
502 3543 544 3557 —
562 3505 658 3573 Folio
674 3508 820 3574 deatum.
843 3507 956 3574 Floras
974 3527 1084 3575 omnies
1101 3512 1253 3592 mutantes,

82 3695 107 3757 t.
128 3695 172 3760 V.
190 3696 409 3762 Lanterna
434 3695 484 3779 [L.
510 3694 564 3778 Sp.
584 3694 662 3780 ssa)
689 3697 893 3778 fruticosum,
923 3696 1009 3762 soliis
1037 3698 1140 3762 oratis
1169 3699 1321 3767 indivisis

46 3779 395 3852 doutioulato-serratis
407 3783 477 3850 basi
493 3784 697 3850 subeordatis
710 3785 827 3850 subtus
839 3786 1108 3867 rugoso-arenosis
1118 3787 1319 3854 furfuraceu-

44 3875 233 3956 lamentosa,
261 3871 400 3955 stipulis
422 3872 533 3954 nullis,
549 3872 652 3955 oymis
668 3873 897 3939 terminalibus
915 3873 1062 3940 brevitrr
1080 3874 1319 3959 pedunculus,

44 3957 158 4029 corollis
174 3962 343 4030 omnibus
362 3961 608 4044 campanulatis
625 3961 731 4028 baccis
751 3962 883 4026 tandem
900 3962 980 4028 atris
997 3971 1026 4036 5.
1042 3963 1083 4028 Ie.
1095 3963 1184 4046 Jaoq.
1205 3962 1319 4029 bustr.

70 4157 137 4218 Hah.
149 4163 181 4218 in
196 4162 330 4233 regione
346 4164 488 4216 montana
501 4159 573 4215 Pelo
595 4161 700 4215 onnesi
713 4159 811 4229 (Sibth
822 4163 850 4229 t),
870 4159 901 4214 iu
917 4163 1017 4216 moute
1030 4161 1171 4216 Cheimos
1190 4160 1322 4232 (Or-phi),

42 4227 173 4288 Pamasso
187 4249 288 4306 supra
304 4230 444 4286 Carraria
455 4229 561 4300 4500‘(
588 4231 644 4356 rgh
655 4234 682 4299 t),
695 4232 789 4286 Ponto
808 4231 932 4286 australi
948 4231 1085 4322 (Tabim,
1107 4232 1199 4308 Ponto
1218 4231 1322 4287 Lazioo

12 4301 14 4332 ³
42 4299 260 4359 adllbabaokar
270 4301 356 4359 5700'
368 4301 469 4372 (Ball),
479 4302 595 4372 Tauria,
630 4317 737 4357 nucaso
751 4301 873 4376 australi
882 4301 953 4357 31110
964 4302 1059 4358 -601111
1072 4305 1165 4375 (Bupr
1174 4307 1201 4370 tt.
1212 4303 1323 4356 Trans-

41 4375 161 4429 mneesia
174 4373 274 4445 (ΜΒ.
291 4372 402 4441 nont),
421 4387 505 4444 prov.
521 4372 652 4444 Talysob
665 4373 779 4444 (Eeb).

68 4469 108 4522 lr.
121 4471 224 4538 Cruor.
246 4469 377 4540 Europa
398 4467 495 4523 medie
513 4472 542 4524 et
563 4467 702 4524 australis
723 4485 740 4524 a
760 4469 857 4524 Scotia
884 4471 913 4526 et
934 4468 1092 4523 Germania
1120 4467 1157 4522 ad
1184 4464 1323 4520 Bossiam

40 4539 164 4613 nouam
176 4541 290 4598 Africa
305 4538 445 4595 borealia.
