3016 5160
29 404 182 464 commea.
555 417 741 460 conponam.
1236 405 1292 460 687

26 529 129 598 laciniis
147 529 262 614 paucis
279 529 438 595 brevibus
455 528 593 606 obtusis,
605 527 840 610 'superioribus
858 532 997 608 anguste
1012 528 1192 594 linearibus
1205 529 1290 592 inte-

26 619 77 702 gn's
100 618 365 696 decurrentibus,
394 619 544 701 capitulis
564 618 676 699 parvis
703 617 808 683 ovatis
837 615 993 683 solitariis
1022 617 1072 682 vel
1104 618 1290 699 aggregatis

6 703 8 782 l
25 709 90 775 loliis
106 708 221 790 parvis
236 708 358 791 saepius
378 707 564 787 bracleatis,
581 705 744 786 involucri
763 722 863 790 parce
880 706 1031 772 araneosi
1051 707 1171 788 phyllis
1190 723 1287 772 cner·

6 785 73 863 ldis
89 795 251 863 viridibus
276 797 311 862 in
339 797 466 879 spinam
487 797 789 879 patulo-recurvam
811 795 859 859 eis
885 795 1102 878 aequilongam
1128 795 1288 878 utrinque

6 867 165 992 ‚pinnatim
181 885 342 952 etdissite
370 886 650 968 t-d-spinnlosam
679 883 890 961 abeuntibus,
912 883 1035 966 phyllis
1054 883 1178 950 intimis
1198 885 1290 966 apice

6 975 156 1058 [cariosis
174 969 376 1048 acuminatis,
392 975 539 1042 flosculis
554 975 663 1053 luteis,
675 973 819 1040 acheriis
831 973 969 1038 minutis
986 972 1171 1038 virentibus
1186 972 1291 1056 puhe-

6 1063 90 1162 lmlis
109 1063 182 1128 basi
202 1063 287 1129 inira
312 1064 414 1128 hilum
438 1063 604 1142 rostratis,
624 1063 723 1146 pappi
744 1061 832 1128 serie
851 1063 1033 1144 petraltimd
1057 1061 1192 1126 achenio
1212 1061 1290 1127 suh-

21 1151 157 1304 greviore
181 1159 230 1231 Θ.
247 1152 290 1219 Ic.
312 1151 357 1217 m.
379 1149 436 1218 Gr.
454 1155 519 1219 tab.
540 1154 615 1218 909.
635 1187 679 1200 --
698 1152 799 1219 Rchb.
820 1149 862 1216 Ic.
883 1152 935 1215 65.
953 1187 996 1196 -
1017 1148 1048 1214 C.
1066 1149 1178 1230 Apulo
1198 1148 1288 1214 Lam.

14 1241 277 1324 imhpdn.

6 1373 7 1412 y
46 1339 116 1397 Hah.
135 1342 168 1395 in
187 1341 300 1396 ditione
320 1355 397 1410 rara,
410 1341 542 1396 Laconia
556 1345 585 1395 et
600 1341 723 1396 Rhodus
742 1339 874 1410 (sintita,
891 1340 998 1410 AEgina
1012 1339 1111 1394 insula
1125 1340 1156 1394 in
1173 1338 1289 1394 saxosis

6 1411 165 1530 [manicis
179 1411 325 1482 (Heldrl).

45 1497 86 1550 dr.
99 1497 201 1566 deogr.
222 1496 343 1568 Europa
355 1495 629 1552 australisaGallia
636 1495 825 1552 meridionali
833 1495 871 1551 ad
880 1495 1061 1551 Dalmatiam
1080 1494 1289 1549 Africaborea-

6 1563 191 1692 {fflladera
204 1566 312 1622 insulae
331 1566 535 1624 Canarienses.
556 1567 588 1622 In
602 1568 771 1624 Americam
786 1567 947 1622 australem
971 1574 999 1620 et
1017 1538 1088 1621 Pri.
1108 1566 1177 1638 Spei
1194 1565 1287 1620 intro-

6 1661 8 1724 l
51 1652 99 1692 ca.

6 1817 8 1900 t
56 1811 120 1874 165.
146 1810 189 1878 C.
206 1809 383 1878 Sinaica
402 1811 483 1897 (nc.
500 1811 616 1876 Prodr.
635 1811 689 1890 Vl,
710 1830 741 1893 p.
762 1811 842 1895 592)
859 1810 1143 1892 araneoso-grisea
1163 1828 1180 1872 a
1201 1809 1284 1874 collo

6 1901 131 2000 {ramosa
145 1901 291 1983 capitulo
305 1899 441 1987 ceptrali
456 1898 747 1980 subsessiliramis
766 1899 1019 1966 decurrentibus
1037 1899 1219 1964 clichotome
1232 1899 1287 1962 vel

33 1987 155 2054 rolilere
181 1989 321 2069 ramosis
348 1995 487 2072 anguste
514 1990 609 2055 alatis
637 1989 697 2056 alis
725 1990 914 2056 internodio
942 1988 1169 2066 brevioribus
1197 1986 1283 2051 loliis

35 2076 190 2154 nearibns¹
202 2082 329 2144 remote
346 2085 379 2144 et
398 2078 547 2144 breviter
564 2078 931 2162 pinnatilido-lobulatis
958 2075 1187 2161 superioribus
1207 2075 1283 2157 plns

14 2225 15 2228 ,
42 2165 111 2231 inus
131 2167 229 2248 longe
245 2165 510 2240 decurrentibus,
529 2168 681 2249 capitulis
701 2185 804 2252 snpra
823 2167 1036 2234 dichotomias
1051 2169 1083 2231 et
1102 2163 1284 2228 terminali-

6 2326 16 2348 Ι,
35 2271 66 2318 os
84 2256 235 2322 breviter
252 2254 484 2338 pedunculatis
501 2257 657 2322 solitariis
675 2258 865 2340 majusculis
886 2253 1135 2332 subbractealis,
1154 2253 1284 2318 involu-

6 2343 51 2416 tcri
67 2343 178 2410 davidi
196 2361 293 2428 parce
308 2346 457 2412 araneosi
470 2345 592 2428 phyllis
606 2345 640 2412 in
657 2346 785 2430 spinam
803 2345 944 2411 validam
956 2344 1026 2410 hesi
1046 2342 1284 2426 complanatam

6 2417 8 2456 ¹
48 2436 94 2498 rie
120 2433 273 2500 interiori
301 2435 460 2516 pinnatim
490 2439 523 2500 et
550 2435 706 2518 utrinqne
733 2433 967 2500 remotiuscule
997 2431 1281 2514 a-a-spinulosam

14 2532 18 2590 s
47 2527 166 2588 lentem
184 2522 330 2590 flosculis
345 2523 474 2590 carneis
487 2523 668 2605 longiorem
686 2523 894 2602 abeuntibus,
912 2522 1032 2605 phyllis
1052 2520 1176 2586 intimis
1193 2520 1284 2604 apice

75 2610 154 2678 iosis
169 2611 323 2689 dentatis,
335 2611 479 2678 acheniis
494 2612 608 2678 nitidis
625 2612 736 2692 luscis,
747 2614 845 2696 pappi
864 2609 1076 2678 inarescentia
1090 2609 1170 2674 setis
1183 2608 1285 2675 inter-

56 2697 116 2766 diis
133 2699 271 2855 acgenbio
296 2700 490 2786 aequilongis
510 2707 561 2778 Θ.
593 2699 624 2769 C.
642 2719 847 2782 procurrens
866 2719 928 2766 nc.
946 2700 1063 2766 Prodr.
1084 2703 1117 2763 et
1136 2697 1281 2780 Schimp.

6 2797 70 2860 ms.
87 2808 154 2856 non
197 2791 259 2855 ie.

6 2895 7 2900 ’
39 2886 111 2942 Hah.
132 2890 164 2944 in
188 2888 342 2944 montibus
360 2892 389 2944 et
405 2889 537 2944 arenosis
557 2889 703 2945 Sinailicis
724 2889 828 2958 (Auch.
842 2889 932 2944 31391.
947 2887 1074 2959 Schimp.
1090 2888 1128 2942 Νο
1142 2885 1231 2954 3191),
1244 2885 1283 2942 ad

6 2953 95 3018 40uadi
106 2959 190 3016 Useit
203 2960 338 3029 (Boiam),
350 2961 383 3014 in
395 2959 544 3016 Palestind
557 2975 648 3033 prope
664 2961 693 3016 ga
706 2960 787 3016 Saba
801 2959 869 3030 (Ky.
883 2959 969 3028 hott).

6 3023 11 3088 l
35 3037 119 3123 demi
136 3041 187 3098 1-8
206 3043 331 3116 pollices
351 3041 442 3114 longi,
457 3043 528 3100 lolia
541 3047 600 3100 tres
612 3044 709 3100 lineas
722 3042 790 3115 lata,
809 3043 941 3116 capitula
953 3059 1053 3113 iringa.
1074 3040 1103 3098 C.
1120 3039 1284 3098 solstitialis

6 3089 91 3198 ›pmis
104 3113 171 3171 6-10
184 3113 280 3171 lineas
293 3114 399 3185 longis.

6 3249 14 3322 ἰ·
46 3285 118 3349 166.
143 3285 183 3352 G.
203 3285 506 3372 AEqyptiacal'
541 3339 547 3349 .
575 3287 671 3353 llant.
701 3307 732 3370 p.
764 3287 841 3372 118)
868 3285 999 3370 papillis
1028 3285 1146 3368 crispis
1178 3285 1280 3352 dense

6 3325 207 3528 {mentusca
221 3375 291 3440 basi
306 3375 601 3441 demnmindnratd
613 3393 753 3452 ramosa,
766 3377 867 3441 ramis
883 3375 1017 3458 pumilis
1030 3373 1155 3441 foliosis
1172 3375 1280 3440 dicho-

36 3479 83 3527 me
108 3469 140 3528 et
158 3463 314 3546 proliiere
331 3465 471 3530 ramosis
496 3465 719 3549 lli-cephalis,
744 3465 831 3531 foliis
853 3463 1133 3544 lineari-oblongis
1152 3464 1187 3529 in
1206 3481 1277 3547 seg-

54 3557 106 3616 nia
126 3552 275 3618 breviter
293 3557 326 3619 et
344 3553 462 3619 obtuse
482 3553 619 3636 oblonga
641 3555 693 3619 vel
717 3555 853 3620 linearia
877 3554 1076 3619 denticulata
1093 3553 1145 3618 vel
1170 3552 1278 3619 lobata

38 3640 259 3724 nnatiparlitis
291 3641 442 3722 seclisve,
463 3642 691 3726 superioribus
721 3643 873 3710 indivisis
908 3641 1180 3708 subdenticulatis
1208 3643 1280 3709 basi

6 3793 8 3802 ,
38 3725 45 3740 ’
72 3733 126 3794 ute
145 3730 348 3810 auricomis,
368 3731 521 3814 capitulis
540 3733 729 3815 nrajuscnlis
748 3732 1008 3813 ovato-oblongis
1027 3747 1138 3798 crasse
1155 3737 1188 3796 et
1202 3731 1278 3796 hrc—
1365 3731 1369 3738 '

6 3805 85 3918 hiler
105 3819 267 3900 petioiatis
290 3818 376 3885 foliis
403 3822 568 3904 supremis
587 3823 776 3901 bractealis,
798 3821 959 3887 involucri
979 3820 1130 3886 araneosi
1155 3819 1277 3904 phyllis

6 3921 36 3990 yn
58 3907 184 3988 spinam
203 3908 277 3975 basi
296 3909 434 3976 validam
455 3910 638 3977 brunneam
657 3909 956 3994 patulo-incurvam
985 3909 1033 3975 eis
1057 3911 1186 3994 d-t-plo
1209 3910 1279 3975 lon-

25 3991 124 4060 'orem
141 4001 235 4079 parte
254 3996 389 4063 dimidid
407 3998 564 4064 inferiore
581 4000 741 4084 pinnatim
762 4005 795 4065 et
813 4005 935 4065 remoto
959 3999 1114 4083 utrinque
1131 3998 1279 4081 hispinu·

16 4171 20 4178 Ι
115 4083 322 4160 abeuntibus,
340 4087 464 4155 intimis
483 4088 573 4170 apice
590 4088 743 4155 scariosis
762 4088 982 4168 denticulatis,
1001 4087 1145 4154 flosculis
1158 4086 1278 4170 pallide

66 4173 187 4254 puceis,
203 4175 349 4241 acheniis
365 4174 550 4258 puberulis,
564 4179 660 4260 pappi
676 4179 870 4244 rufescentis
891 4179 976 4242 serie
992 4175 1173 4259 penultima
1186 4177 1279 4241 acho-

6 4259 246 4346 noaequilcnga
266 4263 321 4348 0.
344 4265 385 4330 Ic.
401 4265 472 4330 Del.
490 4265 535 4330 Fl.
553 4266 607 4348 Eg.
626 4266 924 4349 tat.49‚l1g.⁶2.-
947 4265 978 4330 C.
998 4263 1178 4330 concellata
1190 4263 1277 4330 Sioh.

6 4343 34 4448 lo
53 4347 110 4432 Sp.
130 4349 213 4434 Syst.
232 4351 288 4434 IV,
303 4373 338 4437 p.
354 4355 428 4419 106.
450 4391 492 4401 -
514 4355 544 4420 θ.
562 4353 741 4436 erioplroro
756 4355 871 4421 Forsk.
889 4373 954 4421 non
975 4353 1010 4418 L.

35 4457 114 4514 Hah.
126 4462 155 4516 in
167 4461 291 4519 desertis
304 4462 488 4536 AEgyptiacis
503 4481 594 4538 prope
615 4449 758 4523 Kahiram
783 4467 872 4536 (Del,
893 4465 974 4522 Sieb!
994 4466 1100 4521 Wiesll
1123 4451 1183 4536 Kyl
1201 4465 1280 4532 etc),

6 4517 78 4585 hier
87 4529 225 4589 Kahiram
239 4539 269 4590 et
281 4533 355 4590 Suez
369 4543 396 4590 et
408 4537 440 4591 in
454 4536 575 4591 desertis
588 4537 706 4594 Arabiae
720 4539 831 4594 Petreae
845 4538 945 4607 (Boiss
955 4539 984 4607 l),
996 4539 1025 4591 in
1040 4551 1130 4608 regno
1148 4535 1278 4592 Mascate

6 4597 123 4657 hrahiae
135 4605 282 4662 orientalis
295 4605 402 4675 (auch.
415 4607 520 4676 48481).
536 4607 579 4662 Fi.
595 4608 681 4664 Mart.
1221 4617 1224 4624 ’
