3016 5160
2 329 3 356 ³
27 352 182 409 Centaurea.
555 364 742 407 consueram.
1236 351 1292 409 669

25 474 181 560 appendice
198 473 385 540 breviorem
403 477 607 542 attenuatum
627 479 768 540 erectam
788 474 997 556 abeuntibus,
1016 475 1141 541 intimis
1159 475 1293 542 lineari·

25 564 74 630 bus
87 565 171 646 apice
187 563 354 647 scariosis,
370 564 517 630 flosculis
536 565 666 630 intense
684 565 864 649 purpureis
883 581 947 628 nitu
967 563 1181 644 radiantibus,
1198 565 1293 630 aetbe⁴

25 654 77 806 niils
84 652 325 816 {labrispappi
337 653 536 720 ruleseentis
546 653 633 720 serie
645 653 825 738 penultima
838 652 971 718 acbenio
982 652 1293 738 sesquilongiore&

24 759 54 807 ve
118 791 124 806 .

51 852 115 908 Hah.
125 853 156 908 in
168 853 290 979 regione
301 851 446 923 sylvatica
456 853 566 909 montis
579 852 673 908 Cassii
685 852 778 922 syriae
791 851 919 908 borealis
929 852 959 908 in
970 851 1020 908 via
1031 852 1107 907 inter
1117 851 1292 908 Laodiceam

23 922 174 980 elSuadieb
189 925 201 993 (
229 924 324 982 oissil.
339 921 383 978 Fl.
398 922 465 978 Jun.

50 1017 122 1074 Folia
138 1018 285 1074 radicalia
299 1016 348 1072 6-8
362 1017 485 1090 pollices
499 1017 592 1090 longa
604 1017 653 1074 di
666 1018 728 1074 lala
741 1018 851 1091 petiole
864 1017 1013 1074 interdum
1029 1017 1140 1090 pedali,
1152 1018 1293 1075 auriculae

22 1087 91 1146 limbi
103 1091 231 1158 obtusae,
246 1092 278 1146 in
297 1088 377 1145 loliis
389 1089 573 1145 intermediis
588 1090 785 1161 divagantes,
797 1089 891 1146 caulis
911 1088 1096 1162 eat-pedalis,
1108 1089 1237 1162 capitula
1251 1092 1293 1147 eis

23 1160 44 1216 C.
56 1159 198 1219 &abicere
213 1162 336 1232 majora,
345 1176 382 1233 ap
405 1161 495 1216 andin
508 1161 682 1233 pbyllorum
697 1161 939 1217 intermediorum
953 1176 1019 1217 cum
1037 1161 1124 1232 spina
1137 1161 1184 1216 b-7
1197 1161 1292 1218 lineas

21 1229 94 1304 longa
106 1233 171 1289 basi
185 1232 318 1288 t-51ata.
332 1231 372 1288 Pe
396 1233 523 1288 unculus
537 1232 686 1288 interdum
703 1236 829 1305 squama
842 1231 982 1288 subulata
995 1232 1163 1287 instructus.
1175 1231 1293 1305 Species

20 1301 98 1359 turma
112 1305 254 1360 foliorum
267 1305 296 1359 et
307 1303 447 1376 capitulis
460 1303 574 1359 dissitis
587 1305 723 1376 insignis

57 1508 124 1572 tlt.
151 1507 193 1574 C.
223 1503 466 1574 Cataonlca
490 1504 611 1590 (Boias.
640 1511 672 1571 ct
699 1504 862 1590 Haussir)
886 1505 979 1571 caule
1007 1503 1091 1569 elato
1120 1519 1295 1570 araneoso·

19 1597 223 1678 glabrescurti
245 1611 411 1662 racemosa
436 1599 469 1662 et
492 1595 728 1662 remotiuscule
755 1592 976 1678 l-i-cepbalo,
995 1592 1083 1658 foliis
1103 1591 1209 1657 samnis
1228 1590 1294 1658 ele·

19 1685 104 1751 vatim
132 1683 459 1752 reticulato-venosis
485 1683 789 1769 papilloso-asperis
811 1683 936 1749 infimis
960 1682 1108 1748 breviter
1131 1681 1295 1764 petiolatis

19 1773 389 1858 lp·rato-pinnatipartitis
404 1771 530 1839 laciniis
543 1773 736 1840 lateralibus
749 1773 906 1856 utrinque
921 1772 976 1836 lt
992 1770 1140 1852 oblongis
1159 1771 1295 1836 minutis

18 1863 170 1930 terminali
196 1864 314 1945 magua
339 1864 435 1928 ovata
454 1863 504 1926 vel
529 1861 678 1945 oblonga,
703 1861 788 1928 loliis
815 1859 953 1927 caulinis
973 1859 1144 1926 diminutis
1171 1859 1295 1924 strictis

18 1951 352 2034 oblongo-lanceolatis
367 1950 471 2017 acutis
484 1951 622 2034 integris
639 1951 711 2018 basi
727 1950 992 2032 decurrentibus
1006 1947 1156 2032 capitulis
1170 1948 1296 2030 magnis

2 2039 152 2122 ‘globosis
170 2039 367 2126 pedunculis
386 2039 434 2104 eis
452 2039 647 2124 aequilengis
667 2040 718 2106 vel
734 2038 945 2106 brevioribus
960 2036 1117 2115 stibadiis
1133 2037 1296 2102 involucri
1356 2093 1361 2102 .

16 2130 129 2213 pbpliis
154 2129 311 2196 coriaceis
335 2127 455 2212 pallide
480 2128 753 2210 lassescentibus,
777 2127 956 2212 appendice
974 2126 1170 2208 triangulari
1186 2129 1296 2192 erecta

2 2259 3 2304 3
18 2217 101 2302 longe
112 2225 147 2286 et
159 2217 282 2302 pallide
295 2216 583 2301 pectinata-ciliane
595 2217 788 2284 inferiorum
800 2216 926 2283 minute
940 2217 1074 2300 spinosa
1085 2214 1296 2299 superiorum

15 2307 45 2372 in
62 2310 191 2392 spinam
212 2311 411 2390 pungentem
431 2306 601 2392 appendici
620 2307 835 2390 aquitongam
855 2307 1032 2384 attenuata,
1049 2303 1196 2370 flosculis
1210 2308 1297 2370 atro·

17 2398 199 2482 purpureis,
218 2395 382 2463 acbeniis.
396 2443 426 2460 ..
450 2396 503 2480 0.

46 2507 120 2564 Hab.
136 2509 167 2563 in
184 2506 284 2562 Tauro
297 2505 457 2561 Cataonieo
471 2519 563 2578 prope
576 2505 713 2562 litarascb
727 2503 874 2575 (Haussk!
888 2503 946 2560 sub
959 2501 987 2560 C.
999 2497 1165 2576 gigantaei).
1179 2501 1222 2557 Fl.
1235 2501 1293 2558 Jul.

46 2603 152 2686 Planta
172 2602 361 2674 Prdpedalis,
382 2601 494 2674 species
517 2602 736 2658 indurescentia
755 2605 784 2656 et
804 2599 936 2684 flosculis
956 2599 1177 2684 atropurpureis
1198 2598 1296 2681 affinis

15 2672 38 2732 G
58 2674 197 2759 arafotiea
210 2675 250 2730 ab
270 2679 306 2758 aa
321 2673 460 2758 distincta
478 2672 619 2758 loliorum
638 2675 743 2758 forms,
756 2671 882 2756 caulinis
895 2669 1129 2756 decurrentibus,
1150 2669 1297 2726 involucra

15 2744 424 2944 ttdssetttdttlaltls
437 2759 575 2887 statie
589 2740 1299 2888 dtlttltl-tt‘altttt⁰stillantes:

14 2901 95 2961 cnapa
113 2931 117 2940 .

61 3089 131 3152 itt.
158 3087 199 3155 G.
227 3085 405 3172 spicata
429 3084 550 3171 (Boias.
578 3085 695 3167 Diagn.
726 3083 797 3152 Ser.
826 3083 850 3164 l,
883 3087 933 3160 tn,
962 3105 993 3168 p.
1023 3085 1102 3167 llil)
1127 3081 1300 3166 papilloso·

16 3178 166 3258 asperula
183 3177 308 3257 virens,
325 3175 418 3242 caule
435 3175 519 3240 clato
537 3173 677 3257 simplici
693 3173 778 3240 alato
796 3191 941 3258 superne
958 3189 1123 3239 racemosa
1140 3173 1253 3237 stricte
1269 3177 1301 3238 et

15 3273 136 3331 remote
153 3264 473 3347 t-9-cepl1nlo,ioliis
490 3263 595 3328 firnais
612 3262 811 3328 radientibus
824 3268 856 3328 et
868 3263 1080 3330 inferioribus
1093 3259 1206 3345 lyratis
1225 3261 1300 3326 laci·

15 3355 77 3420 uiis
94 3352 286 3422 lateralibus
306 3353 464 3436 utrinque
484 3353 535 3417 ta
551 3351 700 3434 oblongis
720 3369 808 3435 saepe
827 3353 984 3419 retrorsis
1002 3355 1169 3434 segmento
1188 3351 1300 3416 termi-

13 3443 81 3508 nati
112 3459 231 3526 magno
266 3440 405 3523 oblongo
442 3441 509 3508 basi
545 3445 683 3508 cuneato
708 3440 759 3506 vel
798 3441 940 3514 cordato,
973 3441 1060 3507 loliis
1093 3439 1299 3506 intermediis

15 3530 358 3616 oblongo-lanceolatis
372 3531 441 3598 basi
456 3531 641 3606 attenuatis,
655 3530 885 3613 superioribus
898 3529 992 3613 longe
1004 3536 1037 3594 et
1049 3533 1187 3612 anguste
1200 3527 1300 3594 linea-

13 3620 105 3687 ribus
124 3617 390 3696 decurrentibus,
411 3619 562 3702 capitulis
580 3619 771 3702 majusculis
797 3617 902 3685 oratis
928 3619 1076 3685 breviter
1100 3616 1301 3702 pedunculo-

14 3709 69 3790 tis,
87 3708 249 3777 involucri
268 3707 374 3790 glabri
395 3707 516 3792 phyllis
535 3705 733 3774 abeuntibus
754 3708 788 3774 in
807 3708 1004 3791 appendices
1024 3711 1300 3789 erecto-patentes

15 3795 235 3866 luscescentes
254 3797 418 3864 coriaceus
435 3797 655 3884 triangulares
675 3797 981 3881 pectinum-citinas
1002 3796 1036 3862 in
1056 3798 1184 3880 spinam
1201 3795 1300 3860 latam

15 3886 151 3952 validam
172 3887 207 3952 in
231 3885 463 3968 superioribus
485 3885 663 3970 appendice
689 3886 868 3968 longiorem
889 3891 1084 3963 attenuatas,
1106 3885 1297 3950 intimorum

14 3976 192 4058 appendice
211 3975 359 4054 minima,
379 3975 526 4042 flosculis
544 3976 734 4058 purpureis,
753 3975 898 4042 acbeniis
918 3973 1048 4041 flavidis
1075 3972 1186 4039 nitidis
1209 3971 1299 4055 apice

16 4065 216 4146 marginatis,
236 4064 333 4147 pappi
355 4064 489 4131 violacei
509 4063 596 4129 serie
616 4065 796 4146 paenultima
814 4063 949 4130 aabenic
969 4063 1180 4145 sublongiore
1197 4059 1250 4144 Q).

53 4173 117 4230 Hah
143 4179 175 4233 in
190 4177 276 4231 saraca
289 4174 452 4232 Guneldere
466 4173 577 4232 Ciliciae
590 4174 730 4232 litteralis
744 4175 824 4245 (Ball
830 4199 847 4242 p,
860 4176 890 4230 in
904 4173 992 4244 Syria
1009 4173 1122 4230 boreali
1134 4171 1172 4228 ad
1185 4169 1298 4226 radices

15 4248 123 4303 Anauni
134 4248 205 4319 (Ky.
217 4247 272 4304 lOl
279 4249 298 4316 t)
311 4251 341 4302 et
352 4247 382 4302 in
397 4247 490 4320 pratis
503 4248 580 4302 inter
592 4245 736 4303 Latakieb
752 4250 780 4302 et
792 4245 906 4318 Djlblet
918 4245 1051 4315 (Boissl).
1064 4244 1107 4300 Fl.
1121 4244 1188 4299 tun.

58 4339 161 4398 Planta
174 4340 365 4415 Pdpedalis,
377 4340 508 4414 capitula
522 4343 639 4398 minora
654 4347 682 4398 et
697 4343 797 4399 minus
811 4340 936 4398 rotunda
952 4341 996 4398 eis
1018 4339 1046 4396 C.
1063 4335 1191 4422 anatoliae
1208 4338 1300 4458 aequa

13 4409 116 4496 ditlert
127 4414 207 4498 loliis
220 4413 335 4496 lyratls,
357 4412 805 4498 suparionibustdecurren'tibua
820 4407 1190 4537 involucriappendaerbtas
1202 4421 1254 4460 mu
1271 4411 1298 4486 to

14 4483 747 4628 satisfaciebantsadiattestlte
761 4483 971 4610 ltafilllllll
985 4483 1014 4538 ‘⁰
1029 4497 1064 4538 ¹¹⁵
1079 4480 1217 4536 “mum
1231 4477 1300 4530 ‘eu'
