3048 5168
41 392 149 452 Aclcllec.
550 405 737 447 composrrrs.
1229 393 1284 450 273

39 583 268 655 inldesopetamiae
292 582 418 639 desertis
439 583 517 638 inter
537 583 653 655 Aleppo
673 587 701 638 et
718 582 841 653 Bagdad
861 582 952 652 (Oliv.
972 587 1001 639 et
1018 583 1131 656 Brea).
1156 512 1283 644 {ffel}

38 655 116 710 Planta
125 654 358 726 bagmntissima.
373 654 498 714 arabice
513 652 655 728 Keymm,
666 653 716 710 vel
729 651 891 727 Bcbouocp
903 655 953 710 vel
968 655 1104 726 Gjasum.

3 741 4 752 ²
61 729 163 806 tubania
174 752 252 822 (quae
264 764 328 805 nen
342 750 419 820 vidi]
432 765 468 805 ex
481 749 578 805 Delile
592 753 682 806 ovata
694 750 799 806 striata
812 749 923 821 glabra.
939 751 1011 808 Haec
1023 752 1129 824 planta
1142 769 1160 808 a
1171 753 1282 811 Santo-

3 753 5 900 >
37 819 174 878 badhabita
185 826 212 876 et
224 821 346 878 corolla
357 821 428 877 tubo
442 837 532 948 angra
546 821 703 877 achantum
716 837 776 876 non
789 823 932 894 producto
944 823 1099 879 discedens
1113 824 1198 881 nulla
1207 829 1280 882 nott

3 913 5 980 l

37 893 90 948 rolli
98 893 130 947 ab
141 889 267 949 ,lobdled
280 891 431 948 discedere
444 894 474 948 vi
496 896 569 964 etur,
585 895 743 950 transitum
757 893 918 965 quemdam
931 895 1008 950 inter
1022 895 1058 950 A.
1069 896 1240 968 Aperatum
1253 900 1283 953 et

3 981 5 992 ²
36 961 398 1022 Adutmsaoeolinoidecs
413 963 560 1036 praebens.

40 512 159 570 diclllam
170 515 195 567 et
205 512 281 567 circa
289 511 473 567 Damascum
487 511 579 580 (Gaill
586 513 616 581 l),
629 511 708 568 inter
716 511 874 582 Rascbeya
884 514 913 568 et
922 513 1104 570 Damascum
1115 513 1154 584 (K

66 1346 107 1410 lt.
128 1345 172 1412 A.
194 1346 544 1413 membranacea
566 1343 696 1430 (babili.
725 1345 799 1426 Syr.
832 1346 911 1413 Dte.
943 1345 1002 1428 ΙΙΙ,
1030 1368 1062 1432 p.
1086 1351 1136 1429 lt,
1166 1350 1233 1418 tab.
1263 1353 1283 1415 9

34 1434 78 1500 sub
92 1433 288 1520 Artemide)
308 1435 467 1522 adpresse
485 1435 593 1502 lanata
612 1452 692 1500 cana
711 1452 752 1500 cx
772 1435 953 1503 rbizomate
972 1437 1182 1507 sutirutieoso
1198 1443 1285 1506 mul·

33 1523 140 1606 burlis,
159 1525 309 1591 caubbus
333 1525 452 1590 erectis
480 1523 642 1607 angulatis
659 1524 895 1591 remotiuscule
920 1527 1045 1593 foliosis
1077 1528 1284 1612 simplicibus

33 1612 71 1676 rel
83 1631 163 1694 parce
180 1614 494 1698 ramosis,capitulis
511 1613 552 1696 ad
570 1609 680 1678 ramos'
697 1611 852 1694 solitariis
868 1615 1100 1682 terminalibus
1115 1619 1170 1683 1-3
1188 1618 1283 1703 longe

32 1701 220 1782 pedumulatis
237 1703 366 1786 magnis
383 1703 500 1784 oratis,
514 1703 601 1768 loliis
621 1707 759 1784 anguste
779 1703 1136 1772 lineari-teretiuscolis
1153 1707 1186 1772 in
1205 1725 1283 1792 seg-

31 1795 114 1855 ncnta
128 1792 259 1858 minima
274 1798 468 1858 transversa
483 1793 560 1874 plus
586 1791 697 1856 minos
723 1796 812 1858 arcte
827 1791 999 1860 imbricata
1018 1794 1053 1859 in
1069 1796 1204 1863 lacinias
1224 1798 1280 1863 3-5

31 1883 116 1945 orclas
130 1882 178 1946 rel
195 1881 549 1963 oblongo-lanceolatas
567 1880 920 1964 spinuloso-aeuleatas
937 1883 1058 1967 partita
1081 1884 1282 1968 pinnalisec-

28 1967 67 2046 lis,
85 1969 234 2037 involucri
269 1987 368 2054 parce
398 1969 513 2035 hirtuli
543 1968 790 2053 hyalino-nitidi.
822 1971 944 2055 phyllis
970 1971 1194 2042 obtusissimis
1217 1976 1281 2042 late

29 2056 252 2127 membranaceis
271 2060 421 2140 margine
441 2058 854 2140 subtacere-denticulatis,
875 2060 987 2143 ligulis
1012 2061 1112 2128 luteis
1135 2065 1282 2147 oblongis

27 2143 143 2213 obsolete
159 2149 288 2216 trilobis
301 2148 471 2214 involucro
489 2150 546 2213 vix
562 2147 771 2214 brevioribus
791 2156 820 2227 5.
843 2147 1056 2230 Artltrolepe's
1072 2151 1282 2220 memorerm

27 2247 69 2295 ceo
81 2235 173 2303 Boiss.
191 2237 308 2320 Diagn.
327 2238 349 2302 l.
369 2237 422 2303 cit.
438 2255 470 2319 p.
492 2239 542 2302 15.
570 2271 615 2287 -
643 2235 723 2302 Aeli.
740 2236 993 2304 melobrcocceo
1013 2244 1046 2306 et
1061 2239 1144 2307 Aea.
1168 2241 1282 2308 imbri-

2 1092 7 1190 Ι
423 1159 515 1226 Suco.
541 1159 581 1224 ΙΙ.
611 1159 851 1226 Anonaonnms.

26 2325 82 2386 ecc
94 2345 149 2391 nc.
163 2327 283 2394 Prodr.
299 2325 354 2406 VI,
374 2327 478 2410 pesa.
498 2325 593 2393 Vaut.
615 2324 688 2393 Cels
704 2327 769 2393 tab.
790 2329 842 2394 54.

49 2432 153 2520 ¹liubin
165 2437 296 2522 collibus
311 2437 349 2493 ad
363 2437 519 2520 meridiem
536 2435 676 2520 Damasci
694 2438 1073 2566 (licisswerosimlliter
1095 2458 1132 2498 ex
1156 2459 1284 2529 errore-a

29 2501 171 2564 Billardrero
186 2525 218 2564 rn
238 2509 355 2564 Libano
368 2509 527 2580 rumesta),
541 2525 571 2564 m
586 2510 701 2565 deserto
717 2514 793 2566 1nter
837 2527 907 2567 ama
921 2517 950 2569 ot
963 2514 1133 2585 Palmyram
1146 2515 1234 2586 (Bit),
1250 2532 1282 2572 1n

29 2573 419 2720 fflossffiasffliffiaffi'
437 2581 514 2636 inter
529 2580 645 2654 Alcppo
659 2583 690 2637 et
702 2581 774 2637 Oria
795 2582 864 2654 (Ky.
879 2584 924 2653 et)
937 2588 966 2640 et
976 2586 1054 2641 inter
1069 2584 1120 2640 Bir
1133 2589 1162 2642 et
1173 2587 1284 2643 Tebar-

3 2741 5 2796 l
57 2741 138 2802 Cautes
152 2746 366 2818 'si-t-pedales
378 2745 719 2818 fellat-1¹l2·pollicaria
731 2750 944 2821 sesquilineam
957 2752 1027 2823 lata,
1038 2754 1167 2826 capitula
1182 2770 1281 2826 magn.

27 2811 181 2944 mi:
193 2818 337 2946 Ἠ.
351 2849 382 2858 -
397 2819 434 2874 A.
450 2817 610 2875 interiectu
623 2817 709 2874 Vent.
720 2835 758 2875 ex
770 2823 891 2892 specim.
907 2823 1071 2881 Michauxii
1084 2827 1115 2881 in
1127 2841 1184 2882 uc.
1198 2827 1280 2883 herb.

58 3059 99 3122 so.
119 3061 164 3128 A.
188 3061 523 3146 brachyphylla
547 3061 668 3148 (Boias.
690 3069 722 3131 et
742 3065 909 3151 ¹Haussk.)
928 3087 1025 3152 parce
1043 3070 1148 3136 lanata
1168 3089 1282 3138 canes-

24 3159 83 3212 cens
104 3167 141 3215 cx
164 3152 345 3217 rbizomatc
365 3151 520 3220 indurato
539 3152 929 3238 cespitem-multicaulia,
955 3159 1105 3225 caulibus
1128 3163 1283 3227 teretius-

23 3235 87 3302 erlis
115 3239 240 3305 interne
275 3241 347 3306 laxe
381 3240 500 3306 loliatis
536 3259 682 3324 superne
719 3243 818 3310 nudis
849 3265 945 3312 mono
978 3248 1029 3312 vel
1053 3249 1281 3332 att-cephalis,

21 3324 189 3402 pedunculis
218 3329 360 3413 capitulo
388 3347 503 3411 magno
534 3330 822 3413 sublongioribus‚
864 3334 950 3402 loliis
986 3336 1282 3406 lineari-teretibus

23 3415 224 3485 casiosculis
241 3418 398 3484 brevibus
416 3419 449 3484 in
468 3423 636 3503 segmenta
649 3421 782 3487 minima
797 3421 899 3488 dense
917 3425 1088 3494 imbricata
1101 3427 1136 3492 in
1149 3429 1282 3496 lacinias

21 3507 264 3591 oreb-oblongas
280 3505 376 3589 longe
394 3508 733 3591 spinuloso-dentatas
751 3510 916 3592 tripartita
934 3513 1172 3595 pinnatiseetis,
1188 3517 1283 3584 invo-

21 3583 86 3656 lucri
109 3597 192 3661 orati
220 3595 335 3680 pallidi
360 3596 475 3663 birtuli
493 3595 614 3679 phyllis
634 3615 699 3663 non
718 3598 975 3667 membranaceis
1001 3611 1107 3670 exter.
1128 3605 1281 3689 oblongo·

21 3671 181 3751 lanccolatis
211 3685 426 3751 acutiusculis
455 3686 596 3752 internis
627 3687 754 3753 obtusis
782 3688 873 3770 apice
900 3691 1139 3776 subscariosis‚
1168 3695 1281 3778 ligulis

18 3767 197 3840 odroleueis
222 3773 327 3840 ovatis
347 3773 477 3840 trilolis
502 3776 674 3841 involucro
703 3777 895 3860 aquilongis
916 3778 1050 3846 demum
1070 3783 1204 3850 reflexis
1231 3794 1278 3857 tl.

19 3853 287 3943 Lmoooeeplrclo
302 3861 409 3928 Boiss.
426 3868 460 3927 et
479 3863 620 3929 Haussk.
642 3865 721 3931 Mss.
745 3884 809 3930 non
829 3867 936 3933 Boiss.
956 3869 1072 3952 Diagn.

47 3967 110 4024 llab.
131 3972 160 4027 in
183 3973 325 4028 calcarels
346 3972 571 4045 Mesopotamiae
593 3989 700 4048 propre
719 3975 818 4048 Surug
840 3982 869 4033 et
890 3979 961 4034 Orsa
980 3985 1008 4035 et
1026 3981 1056 4035 in
1070 3985 1170 4040 monte
1183 3984 1279 4041 Gebel

20 4031 114 4097 taitok
122 4043 259 4112 (Haussk
266 4048 294 4115 Ι).
304 4043 347 4098 Fl.
358 4043 426 4099 Mai.

46 4133 138 4194 saules
149 4138 359 4211 semipedales,
371 4138 537 4211 capitulum
552 4155 586 4194 eo
600 4140 638 4194 A.
651 4140 889 4202 membranaceos
901 4147 1068 4218 subminus
1079 4149 1150 4206 solia
1163 4154 1282 4225 cespitis

16 4205 125 4264 coorta
137 4210 186 4266 4-5
197 4210 295 4267 lineas
307 4215 421 4266 tantum
434 4211 534 4282 longa.
547 4210 706 4268 Involuero
721 4229 739 4268 a
758 4217 943 4286 praecedente
954 4219 1039 4274 facile
1058 4220 1281 4293 distinguenda.

53 4379 96 4443 bl.
117 4384 165 4450 Α.
193 4383 504 4469 oliqoeephala
528 4387 601 4458 luc.
639 4387 755 4455 Prodr.
790 4392 850 4473 Vl,
885 4413 915 4476 p.
949 4395 1007 4478 32)
1044 4416 1139 4479 parce
1174 4400 1283 4468 lanata

19 4477 184 4555 eumaeus,
203 4474 383 4540 rbizomate
408 4474 562 4541 indurato
585 4493 692 4542 ramos
713 4481 845 4547 steriles
864 4483 984 4550 breves
1004 4487 1138 4552 loliosos
1159 4489 1282 4558 caules·

19 4559 240 4636 sustentares
266 4561 432 4644 elongatos
452 4563 580 4630 interne
603 4564 675 4632 laxe
698 4567 831 4636 loliosos
851 4571 973 4652 edenti,
993 4575 1078 4641 loliis
1097 4577 1280 4645 linearibus

1070 4685 1106 4742 18
