3078 5168
241 356 298 414 106
777 366 991 412 vannauuea.
1308 350 1518 409 Valmancita.

242 476 360 558 deserto
385 475 511 560 Khabur
532 475 758 548 Mesopotamiae
781 473 954 602 qlgausslrl),
981 472 1068 556 Syria
1091 471 1215 558 littorali
1239 471 1279 529 ad
1303 471 1449 556 Sidonem
1468 471 1522 542 (Bit

244 547 359 618 Gardt),
371 546 522 604 Palestina
536 547 574 602 ad
587 545 788 617 Bethlehem(
818 547 942 619 y.7981),
955 546 1057 602 Persae
1075 543 1200 602 australi
1213 543 1251 600 ad
1267 543 1343 600 Gere
1356 547 1438 600 mter
1450 543 1522 600 Aba·

239 617 306 674 chir
316 621 344 674 et
356 619 476 675 Schiraz
488 618 558 690 (Ky.
568 618 605 675 52
619 618 677 674 sub
699 617 728 674 V.
738 613 935 693 effocarptill,
954 616 1065 674 Tauria
1077 620 1106 673 et
1117 614 1316 674 Turcomania
1325 613 1448 684 (Kc-ok).

286 731 320 815 β.
337 730 512 796 muricula.
524 769 565 780 -
583 729 709 813 (lelycis
724 729 847 796 limbus
857 730 983 796 acutior
994 727 1088 795 valde
1108 727 1263 812 obliquus
1279 726 1385 794 eutice
1403 725 1522 810 saepius

240 821 400 905 utrinque
416 819 581 888 denticulo
597 823 722 887 auctus.
740 855 785 866 —·-
804 818 839 886 ll.
855 819 1022 884 marcata
1039 817 1171 884 Stev.in
1189 813 1389 898 R.etSch.I,
1404 835 1439 900 p.
1454 815 1522 880 366.

241 945 284 958 -
303 908 338 973 F.
358 908 533 992 ariocorpo
554 907 642 976 Ster.
672 907 749 975 Obs.
769 927 836 974 non
858 907 958 975 Dcsr.
980 944 1018 956 -
1061 906 1091 972 V.
1111 910 1287 987 artocorpo
1302 903 1336 988 β.
1353 902 1521 970 muricula

239 997 331 1065 Krok
349 1017 381 1082 p.
399 1000 453 1074 to,
470 1004 492 1064 t.
506 998 531 1078 Ι,
547 999 568 1064 i.
586 1001 605 1064 5
621 998 656 1082 β.

276 1107 353 1164 Hab.
366 1109 397 1164 iu
408 1113 508 1165 monte
526 1107 620 1165 OEnos
637 1109 678 1165 Ge
701 1109 831 1166 haloniae
840 1107 983 1180 (Heldrl)‚
995 1108 1053 1164 Zac
1076 1107 1141 1163 uthi
1154 1104 1437 1177 [MargltSmyrnae
1451 1101 1522 1171 (Bel.

237 1178 303 1235 ‘2321
327 1180 385 1235 sub
428 1175 647 1253 lteriococpdt
673 1125 784 1238 feurit
809 1195 880 1236 mer.
904 1181 1024 1251 (Stant),
1050 1124 1203 1236 {salestina
1221 1178 1260 1234 ad
1277 1175 1522 1246 Hierosolymam

299 1252 305 1264 .
329 1254 350 1294 „¹

236 1250 441 1421 (Βῧξῑίἒῷεβ
461 1351 565 1420 atypo
578 1347 631 1404 vix
649 1349 788 1406 distincte
811 1364 878 1404 curn
898 1363 934 1404 eo
951 1347 1136 1406 intermediis
1157 1346 1311 1406 evidenter
1327 1343 1523 1402 confluiteta

248 1415 276 1472 V.
289 1416 446 1493 mhcarpd
459 1424 488 1476 et
500 1419 721 1477 characteribus
731 1422 761 1476 et
769 1419 978 1478 distributione
991 1419 1189 1494 geographica
1202 1418 1324 1490 longius
1337 1417 1441 1472 distat.

273 1515 319 1570 Ar.
339 1514 440 1588 liacgr.
459 1516 561 1572 Gallia
580 1517 729 1574 australis.

283 1691 335 1753 lb.
354 1688 401 1755 V.
427 1689 663 1775 eriooarpa
688 1687 804 1772 (Desa.
826 1689 942 1756 Journ.
963 1689 1034 1757 Bot.
1055 1687 1094 1768 II,
1112 1709 1143 1774 p.
1165 1689 1240 1769 illi,
1260 1688 1324 1754 tab.
1343 1685 1385 1762 ΙΙ,
1403 1685 1462 1768 fig.
1491 1683 1524 1770 t)

236 1779 278 1845 ad
297 1796 418 1844 neruos
438 1782 471 1844 et
487 1780 652 1861 margines
669 1779 820 1846 soliorum
834 1777 1037 1862 angulosque
1047 1778 1149 1846 caulis
1162 1777 1313 1846 scabrida
1326 1775 1525 1857 dichotome,

235 1867 321 1932 foliis
334 1867 428 1934 inter.
449 1867 597 1950 oblongis
620 1868 771 1950 integris,
791 1867 1021 1952 superioribus
1047 1867 1229 1934 linearibus
1248 1865 1319 1932 basi
1336 1883 1426 1950 saepc
1447 1865 1525 1932 den·

234 1956 322 2029 tetis,
338 1955 441 2040 cycnis
452 1957 692 2038 corymhulosis
705 1956 936 2024 confertitloris
951 1958 1071 2040 planis,
1088 1957 1227 2024 ramulis
1246 1955 1379 2026 tandem
1396 1953 1526 2022 incras-

234 2045 325 2123 satis,
349 2045 490 2112 bracteis
509 2046 698 2114 lanceolatis
714 2046 842 2114 fructus
872 2047 1091 2130 equentibus,
1118 2046 1246 2112 fructas
1273 2045 1366 2128 parvi
1391 2041 1538 2120 ovorio

234 2131 311 2200 hirti
331 2135 440 2200 rarius
459 2133 564 2217 glabri
584 2134 800 2218 depressione
820 2135 926 2202 antica
948 2135 1199 2218 ovato-oblonga
1217 2150 1320 2219 neruo
1348 2131 1538 2216 bipartiti,w

233 2221 353 2304 oalycis
367 2219 467 2288 limbo
486 2222 645 2290 herbaceo
658 2223 969 2292 reticulato-cenoso
986 2223 1213 2292 coronatormi
1228 2221 1427 2304 subobliquo
1446 2221 1528 2286 insa-

233 2311 376 2394 qualiler
391 2311 649 2378 subsexdentato
666 2313 809 2398 capsula
832 2312 1079 2396 subaquilcngc
1106 2317 1139 2382 et
1159 2311 1378 2394 subaeouilato
1405 2316 1462 2388 Θ.
1482 2309 1539 2377 Ic

232 2397 324 2466 Krok
339 2399 400 2465 tab.
420 2399 509 2482 lsrg.
528 2403 558 2465 5.
577 2438 620 2450 —
641 2400 741 2468 Fadio
755 2400 918 2482 rogrctoso
936 2401 1072 2488 Spreng.
1086 2401 1165 2484 Pug.
1185 2402 1265 2466 b-
1293 2398 1528 2479 ucampana

232 2485 302 2552 loto
318 2489 387 2553 Biv.
408 2523 451 2537 -
477 2487 651 2556 Valeriano
666 2489 859 2555 incrassato
873 2489 996 2558 (ibach.
1015 2491 1061 2558 Fi.
1080 2490 1192 2576 Pelop.
1209 2510 1240 2576 p.
1261 2489 1290 2554 Ι.

267 2607 342 2664 Hab.
358 2611 390 2664 in
402 2609 607 2684 Peloponneso
620 2613 697 2669 circa
710 2611 845 2669 Nauarin
862 2611 977 2684 (BoryJ,
987 2613 1061 2670 Asia
1079 2611 1187 2668 minori
1200 2610 1279 2682 (Bal.
1297 2627 1335 2666 ex
1353 2609 1456 2681 Krok)
1478 2587 1538 2666 13¹³

229 2677 342 2736 ditione
352 2697 408 2754 ego
422 2698 481 2738 nou
497 2697 563 2739 earn
577 2681 640 2738 vidi
654 2687 682 2739 et
694 2682 739 2738 ibi
751 2699 818 2739 rara
830 2697 895 2739 essa
905 2683 1032 2740 videtur.
1536 2681 1538 2696 '

265 2777 313 2832 Ar.
329 2777 427 2849 (teogr.
441 2777 560 2851 Europa
572 2778 672 2834 media
682 2783 710 2834 et
722 2778 860 2834 australis
867 2778 907 2835 ab
922 2777 1040 2852 buglis,
1046 2776 1356 2851 BelgioetGermania
1368 2775 1409 2832 ad
1419 2777 1538 2850 regio·

229 2861 298 2903 nem
312 2849 521 2916 Danubialem,
538 2849 645 2906 insula
656 2849 856 2906 Canarieuses.

701 3059 719 3145 5
742 3061 773 3127 6.
797 3058 1048 3144 Platyoaele.

264 3254 279 3283 *
299 3255 416 3326 Calycis
426 3254 539 3312 limbus
549 3256 588 3312 ad
598 3254 782 3314 denticulum
793 3255 952 3312 minimum
963 3254 1086 3313 eloculo
1095 3255 1210 3330 postico
1220 3257 1318 3312 ortum
1328 3254 1487 3313 reductus.
1535 3289 1537 3294 ,

275 3417 326 3482 26.
350 3415 399 3483 V.
426 3417 633 3485 carinata
668 3415 802 3500 (boisel.
833 3415 908 3483 Not.
941 3417 1019 3502 llil)
1050 3417 1144 3484 caula
1171 3417 1299 3502 pluries
1329 3415 1524 3488 dichotomo

228 3503 302 3571 laxe
321 3505 515 3588 corymboso
534 3505 575 3572 ed
591 3505 727 3590 angulos
745 3506 841 3588 hirto,
861 3505 946 3574 soliis
965 3505 1117 3573 ciliatulis
1139 3505 1353 3574 inleriorihus
1377 3507 1527 3590 spathu-

229 3593 304 3660 latis
332 3593 458 3662 obtusis
483 3595 714 3680 superioribus
729 3595 897 3661 interdum
916 3595 1134 3678 denticulatis,
1154 3595 1258 3680 cymis
1278 3594 1526 3680 densiusculis,

228 3679 369 3749 bracteis
389 3683 559 3750 herbaceis
579 3681 869 3766 lineari-oblongis,
895 3684 996 3750 ramis
1020 3683 1199 3750 fructiferis
1226 3701 1292 3749 non
1309 3683 1528 3770 incrassatis,

226 3771 388 3837 fructibus
406 3773 541 3839 minutis
560 3771 684 3856 glabris
707 3772 818 3839 rarius
836 3772 1010 3858 puberulis
1035 3771 1372 3856 oblongo-tetragonis
1400 3772 1536 3868 subirr-¹

226 3861 339 3926 curvis
352 3861 477 3944 postiae
494 3862 650 3928 convexis
663 3861 768 3928 autice
781 3863 871 3930 sulco
888 3861 1053 3946 profundo
1069 3863 1135 3927 tota
1147 3859 1353 3942 longitudine
1369 3861 1536 3952 exarans,

227 3949 385 4034 utrinque
404 3947 585 4016 lateraliter
605 3950 695 4018 sulco
713 3953 745 4016 ct
763 3951 874 4018 carine
893 3949 1093 4036 prominenti
1108 3949 1297 4030 instructis,
1313 3950 1433 4016 loculis
1449 3954 1536 4020 ste-2

226 4036 345 4104 ritibus
365 4038 466 4106 fertili
484 4039 610 4122 postico
633 4039 724 4124 apice
744 4037 779 4106 in
799 4038 999 4106 denticulum
1021 4039 1258 4105 brevissimum
1279 4038 1417 4106 obeunti
1435 4031 1536 4111 sub-5

212 4127 389 4216 ⁸{amuletis
412 4134 448 4206 Θ
470 4129 513 4194 Ic.
530 4145 592 4194 oc.
612 4127 684 4195 Vel.
702 4133 724 4195 t.
749 4127 806 4210 ΙΙΙ,
823 4129 875 4212 fig.
895 4129 944 4194 lo.
962 4163 1004 4174 —-
1023 4127 1114 4194 Krok
1131 4127 1197 4193 tab.
1215 4125 1257 4206 ΙΙ,
1275 4127 1328 4210 fig.
1350 4129 1405 4193 ab.

262 4247 340 4304 Hah.
354 4249 383 4304 in
398 4249 530 4306 herbidis
542 4253 572 4305 et
583 4249 623 4306 ad
635 4265 666 4306 se
732 4250 803 4308 Pelo
825 4252 930 4308 onnesi
944 4251 1059 4323 (Bury),
1073 4249 1257 4308 Macedoniae
1269 4251 1300 4308 in
1315 4253 1419 4308 monte
1432 4251 1530 4312 atho

224 4321 256 4375 et
276 4319 412 4376 Thraciae
433 4320 584 4390 (Grisebl,
611 4321 660 4377 Bit
683 4323 762 4393 yniae
787 4267 947 4394 (thirkeit,
972 4321 1160 4396 Pamphyliae
1187 4321 1328 4394 (Bourgil
1361 4323 1531 4382 Armenian

225 4389 358 4474 'l'nrcioaa
381 4391 507 4464 (Calvi),
528 4391 647 4448 Taurica
661 4401 690 4448 at
707 4408 789 4467 prov.
803 4394 853 4449 Cis
867 4397 896 4449 et
907 4393 1224 4450 Transcaucasicerum
1237 4365 1384 4464 (lebab),
1399 4392 1532 4452 Cilicius

225 4459 365 4518 bttoralrs
391 4461 495 4534 (Ball),
526 4463 621 4534 Syriae
647 4463 686 4520 ad
716 4464 833 4538 Aleppo
868 4463 1041 4536 (Hausskt),
1075 4463 1301 4538 Mesopotamia
1328 4464 1368 4522 ad
1393 4463 1532 4526 Mardln

223 4531 363 4602 (Haussk
370 4535 399 4605 l),
411 4531 518 4590 Libani
530 4533 656 4604 (Gailll).
